3062 4888
705 273 925 332 „25-

223 444 501 511 distributionem.
548 447 677 528 ltaque,
701 447 727 510 si
745 448 937 530 respicimus
953 447 1173 512 Athenienses
1190 449 1302 513 eodem
1318 455 1397 513 tem·

227 573 305 633 pore
330 551 499 618 Demetrio
527 555 653 635 gratias
678 554 725 617 ita
750 555 869 637 egisse,
900 561 935 618 ut
966 555 1047 618 duas
1079 555 1186 619 tribus
1215 555 1398 620 nominibus

222 657 384 724 Demetrii
408 668 440 724 et
463 661 569 743 patris
594 659 755 743 Antigoni
780 660 894 724 inditis
919 661 1144 740 instituerent,
1182 660 1243 725 hoc
1267 661 1398 744 quidem

223 765 302 830 satis
330 767 539 849 perspicuum
571 773 635 847 est,
669 768 767 831 etiarn
792 767 1003 850 Megarenses·
1021 767 1245 834 Demetrium.
1277 767 1398 851 quippe

223 872 290 954 qui,
315 878 352 936 ut
376 891 477 955 supra
501 871 804 940 demonstravimus.
831 874 953 956 optime
978 874 1018 938 de
1040 875 1134 939 urbis
1159 875 1265 939 salute
1294 897 1398 940 meru·

222 979 317 1057 isset,
344 979 507 1044 similibus
539 979 720 1046 honoribus
751 979 909 1044 affecisse.
955 980 1181 1064 Megarenses,
1214 1003 1286 1045 oum
1319 981 1399 1046 socii

226 1081 431 1150 Boeotorum
467 1094 585 1166 essent,
621 1108 737 1151 nomen
781 1094 813 1150 et
856 1086 965 1151 officia
1007 1091 1193 1170 praetorum
1237 1089 1270 1152 in
1312 1089 1399 1172 pole·

223 1189 374 1255 marchos
398 1193 602 1271 detulerunt3
639 1215 715 1258 nam
732 1195 766 1258 iu
790 1193 940 1258 omnibus
964 1194 1072 1258 titulis
1095 1193 1152 1260 illo
1177 1201 1322 1278 tempore
1346 1217 1399 1261 ex·

226 1298 330 1362 aratis
354 1299 557 1382 polemarohi
582 1302 799 1366 inveniuntur.
848 1299 912 1366 Sed
937 1307 1113 1385 postquam
1129 1302 1351 1386 ‚Megarenses
1379 1326 1399 1367 a

223 1403 352 1469 foedere
376 1405 576 1472 Boeotorum
601 1407 787 1471 defecerunt
811 1414 842 1472 et
866 1409 908 1474 ad
933 1408 1048 1474 foedus
1077 1407 1258 1474 Achaicum
1293 1409 1399 1473 denuo

225 1520 443 1593 accesserunt,
474 1521 643 1596 praetores
672 1520 873 1578 creaverunt.
925 1512 1040 1597 Atque
1072 1516 1171 1580 etiam
1195 1515 1399 1598 temporibus

223 1619 458 1702 imperatorum
490 1627 658 1703 praetores
688 1620 781 1685 nobis
805 1628 991 1688 occurrunt.

331 1725 409 1791 Jam
434 1747 510 1791 vero
535 1727 755 1810 quaerendum
788 1735 847 1807 est,
877 1728 1036 1811 quamdiu
1065 1736 1236 1812 praetores
1266 1750 1399 1794 munere

223 1831 327 1896 functi
352 1833 426 1896 sint.
520 1847 521 1852 ’

331 1956 545 2040 Rangabeius
554 1957 575 2043 ¹)
589 1958 727 2042 judicat,
753 1979 808 2022 eos
831 1958 905 2042 plus
922 1980 1020 2043 quam
1037 1981 1137 2024 unum
1153 1980 1273 2023 annum
1290 1958 1399 2024 officia

224 2063 417 2146 suscepisse.
465 2063 552 2128 Nam
568 2086 639 2130 cuni
657 2065 756 2129 iidem
772 2072 941 2148 praetores
958 2067 1072 2149 scripti
1090 2066 1166 2145 sint,
1183 2066 1241 2130 alii
1257 2087 1349 2149 reges
1365 2073 1399 2132 et

230 2169 357 2234 scribae
378 2171 559 2250 adduntur3
584 2172 673 2260 uelut
696 2173 729 2236 in
754 2170 861 2237 tribus
879 2172 947 2237 illis
964 2173 1082 2252 titulis,
1107 2194 1189 2256 quos
1206 2172 1316 2251 attuli,
1341 2195 1398 2248 no·

225 2278 314 2341 mina
329 2276 527 2360 Apollodori
544 2280 630 2361 regis
648 2286 680 2342 et
695 2275 842 2344 Demeae
859 2279 997 2359 scribae,
1020 2278 1216 2344 Theomanti
1232 2285 1266 2344 et
1282 2279 1396 2346 Pusio-

227 2383 290 2464 uis,
309 2383 447 2450 Euoliac
460 2391 492 2449 et
504 2385 673 2468 Empalini
691 2408 764 2451 oum
778 2386 892 2451 iisdem
904 2387 1114 2469 praetoribus
1128 2387 1230 2451 incisa
1242 2387 1399 2453 videmus.

231 2488 339 2556 Addit
355 2491 586 2578 Foucertus2),
611 2491 682 2556 fieri
699 2515 763 2558 non
780 2495 936 2576 potuisse,
955 2501 992 2558 ut
1008 2494 1059 2558 bis
1076 2493 1188 2560 eodem
1204 2515 1290 2558 anno
1306 2514 1401 2574 reges

228 2605 330 2681 atque
353 2599 404 2663 bis
429 2600 557 2664 scribae
580 2606 793 2665 morerentur.
813 2601 958 2683 —quod
982 2601 1133 2666 concedo.
1159 2639 1200 2648 -
1225 2597 1290 2688 Sed
1313 2599 1403 2684 quod

226 2704 411 2770 Foucartus
440 2706 597 2788 opinatur
626 2708 659 2770 iu
688 2714 755 2770 tres
787 2728 890 2771 rennos
921 2705 1080 2790 suffragia
1109 2707 1142 2772 in
1174 2707 1304 2773 eosdem
1333 2729 1401 2772 esse

226 2810 359 2891 collata,
384 2820 484 2896 atque
501 2813 535 2878 id
552 2814 622 2896 lege
640 2814 855 2878 constitutum
876 2813 957 2895 vult,
975 2814 1159 2878 dissentio,
1191 2813 1276 2878 Mihi
1291 2813 1400 2898 potius

226 2917 280 2981 hic
304 2919 518 3002 magistratus
542 2936 670 2984 annuus
694 2919 795 2984 fuisse
821 2921 962 2995 videtur,
987 2921 1045 2986 sed
1068 2921 1116 2985 ita
1139 2928 1176 2985 ut
1198 2919 1327 2986 eosdem
1352 2941 1399 2984 se-

227 3024 333 3089 cundo
358 3028 407 3091 vel
431 3028 532 3091 tertio
556 3028 605 3090 vel
629 3032 749 3109 quarto
773 3048 858 3092 anno
883 3026 989 3092 denuo
1017 3027 1122 3092 creari
1146 3027 1271 3092 liceret.

334 3149 466 3230 Restat,
492 3159 530 3216 ut
554 3153 733 3235 inquiram,
768 3173 853 3234 qnae
885 3151 1006 3216 fuerint
1036 3173 1171 3216 munera
1201 3156 1400 3234 praetorum.

227 3256 304 3321 Jam
335 3258 556 3341 appellatione
592 3260 665 3342 ipsa
699 3257 921 3340 significatur,
956 3258 1130 3340 imperium
1166 3258 1326 3322 exercitus
1359 3257 1401 3321 iis

227 3383 297 3428 esse
329 3364 533 3444 mandatum5
570 3373 668 3448 atque
704 3366 803 3428 etiam
840 3363 1072 3446 suspicandum
1108 3370 1173 3432 est,
1211 3362 1309 3428 classi
1345 3384 1400 3428 eos

227 3471 416 3554 praefuisse.
487 3471 573 3536 Nam
609 3472 768 3536 nauarchi
803 3491 895 3535 nemo
931 3477 1046 3536 auctor
1080 3472 1276 3535 mentionem
1312 3468 1414 3534 facit·

229 3578 346 3644 Virtus
370 3578 492 3642 bellica
515 3578 768 3662 Megarensium,
794 3578 869 3642 licet
893 3577 968 3641 inde
998 3599 1018 3642 a
1045 3576 1140 3641 bellis
1164 3577 1309 3640 Persicis
1343 3575 1401 3639 mi·

227 3692 308 3750 nuta
332 3686 389 3765 sit,
419 3691 526 3749 tamen
559 3685 781 3769 compluribus
810 3685 891 3749 loeis
919 3683 1183 3766 ascriptoribus
1211 3702 1401 3748 commemo·

227 3798 331 3856 ratur.
379 3791 589 3857 Exercitibus
621 3791 724 3873 igitur
756 3796 926 3873 praetores
957 3791 1055 3856 duces
1087 3789 1202 3870 fuisse,
1235 3790 1309 3872 quis
1340 3794 1400 3869 est,

229 3899 286 3983 qui
304 3919 368 3963 non
385 3896 565 3963 concedat?
612 3897 779 3962 Nimirum
796 3897 1005 3980 praetoribus
1022 3897 1131 3962 omnia
1147 3896 1294 3978 negotia3
1318 3916 1402 3978 quae

228 4006 271 4072 ad
295 4029 347 4070 res
371 4005 506 4070 bellicas
536 4004 765 4087 pertinebant,
796 4005 953 4070 mandata
981 4010 1090 4084 erant3
1119 4003 1209 4068 velut
1237 4002 1402 4086 stipendia

228 4114 385 4178 exercitui
424 4111 649 4195 persolvenda,
690 4113 848 4200 pecuniae
868 4095 870 4100 ¹
888 4111 1065 4194 imperatae
1104 4110 1297 4193 exigendam
1337 4108 1401 4174 Sed

230 4300 366 4310 α--ῌι

340 4414 360 4482 ¹)
379 4412 470 4482 Rang.
491 4413 586 4466 adnot.
606 4414 642 4466 ad
661 4411 714 4466 No.
735 4407 794 4466 702.
886 4422 892 4436 '

339 4501 362 4573 ¹)
380 4500 467 4558 Fouc.
487 4503 619 4571 explicat
640 4503 689 4556 des
708 4502 791 4556 inser.
811 4521 838 4572 p.
861 4506 900 4556 14.
