3048 4878
613 243 831 313 ..q-1„

131 423 260 501 postea,
292 440 366 484 cum
398 419 604 504 Megarenses
637 420 723 486 bello
751 444 814 486 uon
843 423 912 506 jam
945 417 1107 502 valerent,
1140 419 1309 505 praetores

134 525 237 590 etiarn
260 526 309 590 rei
332 525 485 609 publicae
508 527 790 594 administrandae
822 527 1010 594 interfuisse
1040 529 1216 594 verisimile
1247 535 1308 592 est.

134 629 282 696 Athenis
311 654 441 716 quoque
469 633 528 698 alii
557 633 599 698 ad
631 631 753 699 bellum
781 634 1073 724 proficiscebantur
1101 642 1200 717 atque
1228 634 1309 700 foris

136 758 206 802 rem
236 740 405 821 gerebant,
437 741 494 806 alii
528 741 627 806 rebus
656 741 793 806 internis
821 743 973 824 occupati
1002 742 1090 806 dorni
1118 741 1308 820 manebant;

137 867 240 928 neque
264 847 445 929 quidquam
470 847 620 930 impedit,
646 849 819 930 quominus
849 849 889 912 de
911 847 1153 930 Megarensium
1181 855 1310 930 praeto·

138 952 230 1018 ribus
255 953 339 1018 idern
364 955 577 1037 suspicemur.
624 953 664 1018 In
696 955 911 1037 inscriptione
935 955 1077 1036 quadam
1090 954 1112 1040 ¹)
1145 955 1311 1019 decretum

137 1067 336 1140 asservatur,
362 1082 427 1144 quo
457 1068 639 1144 praetorem
669 1066 811 1124 statuum
840 1061 1021 1143 ponendam
1053 1082 1186 1126 curasse
1217 1061 1311 1126 doce·

137 1188 223 1237 mum
261 1167 349 1249 quod
381 1167 548 1232 decretum
585 1168 760 1250 posteriori
797 1168 933 1250 tempori
969 1175 1019 1231 est
1054 1168 1310 1234 attribuendum.

136 1277 259 1338 Aetate
284 1274 519 1356 imperatorum
543 1295 626 1338 unns
650 1280 784 1356 praetor
807 1276 840 1337 in
864 1274 971 1345 titulis
993 1295 1171 1356 eponymus
1189 1275 1311 1339 inveni·

135 1387 200 1468 ¹trrr,
226 1379 365 1446 fortasse
390 1382 427 1456 is,
452 1382 508 1462 qui
533 1381 672 1462 collegio
698 1380 916 1464 praesidebat.
964 1379 1050 1448 Nam
1083 1403 1144 1444 vox
1174 1380 1312 1466 συστρά-

137 1485 264 1574 rqyogi)
290 1494 432 1553 testatur
456 1488 639 1571 complures
664 1487 805 1570 collegas
837 1486 952 1558 luisse;
985 1508 1162 1570 eponymus
1191 1496 1310 1569 autem,

140 1596 197 1676 qui
221 1595 248 1657 si
273 1595 502 1677 inscriptiones
519 1596 696 1676 sequimur,
721 1591 894 1680 στρατηγὸς
914 1596 970 1681 rig
985 1592 1111 1672 πόλεως
1127 1595 1312 1676 appellatus

138 1708 197 1778 ast,
223 1701 365 1782 primum
388 1700 497 1765 locum
526 1701 612 1766 inter
639 1720 751 1764 omnes
781 1700 996 1782 magistratus
1028 1708 1097 1764 turn
1130 1702 1312 1767 obtinuisse

139 1805 278 1873 ridetur.

606 1948 663 2013 De
687 1948 847 2013 scribis,

246 2073 383 2139 Scribas
407 2074 441 2137 in
465 2073 615 2139 omnibns
640 2071 801 2138 Graeciae
830 2073 968 2139 urbibus
996 2077 1121 2158 majore
1149 2076 1312 2138 minoreve

138 2182 338 2245 auctoritate.
362 2201 490 2263 semper
520 2179 667 2259 fuerunt,
708 2188 741 2244 ct
775 2201 973 2262 quamquain
1009 2181 1097 2264 apud
1133 2181 1311 2263 scriptores
1374 2241 1377 2249 .

143 2287 299 2352 memoria
322 2286 506 2350 scribarum
539 2285 783 2368 Megarensium
812 2287 903 2351 nulla
927 2296 987 2368 est,
1018 2294 1128 2352 tamen
1156 2287 1312 2352 nonnulla

144 2393 184 2458 ad
210 2415 320 2458 eorum
338 2393 567 2476 magistratum
584 2394 842 2474 cognoscendum
859 2416 875 2458 e
892 2396 1001 2460 titulis
1018 2382 1190 2458 lucramur.
1238 2393 1312 2460 Hoc

139 2503 244 2585 igitur
267 2500 481 2565 fundamento
504 2500 577 2578 nisi,
603 2500 636 2563 in
660 2499 786 2564 scribas
809 2501 1025 2584 inquiramus.

244 2607 285 2673 In
309 2608 475 2691 plerisque
499 2605 606 2671 titulis
630 2607 664 2669 in
688 2605 860 2690 Megaride
885 2606 1011 2673 effossis
1041 2607 1149 2672 scriba
1179 2593 1312 2672 senatus
1364 2693 1365 2698 ἵ

139 2716 316 2799 populique
333 2721 367 2779 et
383 2713 493 2778 scriba
509 2710 623 2796 populi
641 2713 859 2779 inveniuntur.
907 2713 931 2778 J
933 2735 985 2778 am
1002 2715 1183 2796 quaeritur,
1202 2721 1312 2778 utrum

138 2821 221 2886 haec
244 2822 375 2886 nomina
393 2821 433 2884 de
450 2819 564 2884 eodem
580 2820 778 2903 magistratu
795 2820 1020 2903 intelligenda,
1045 2842 1087 2884 an
1104 2820 1169 2884 duo
1184 2820 1312 2884 scribae

139 2927 359 3010 distinguendi
383 2928 458 2993 sint.
505 2925 727 3004 roucarnsr)
751 2927 883 3008 quidem
908 2927 956 2991 ita
980 2927 1138 3008 explieat,
1169 2933 1207 2991 ut
1230 2927 1312 2992 duos

140 3035 286 3100 diversos
309 3055 381 3099 esse
405 3034 596 3098 statuendos
620 3034 796 3098 existimet.
844 3033 891 3097 Et
914 3040 1001 3097 recte
1026 3033 1086 3096 hoc
1109 3034 1251 3116 quidem.
1269 3073 1311 3081 -

139 3141 227 3207 Nam
258 3140 402 3206 scribam
429 3147 562 3206 senatus
590 3140 770 3225 populique
801 3161 875 3204 cnm
906 3141 1073 3222 eponymis
1104 3141 1312 3224 conjunctum

142 3249 335 3314 nominatim
363 3254 649 3312 commemoratum
680 3247 834 3326 videmus,
860 3247 996 3312 alterius
1021 3269 1137 3312 nonren
1167 3255 1309 3317 tacetur:

8 3343 10 3348 ’
75 3362 79 3368 “
139 3377 224 3438 quae
247 3357 333 3422 ratio
357 3375 432 3418 cum
455 3355 491 3417 in
519 3354 669 3418 omnibus
697 3354 856 3419 eiusmodi
881 3353 989 3417 titulis
1019 3355 1164 3436 conspici
1194 3357 1310 3438 possit,

9 3463 11 3472 ‘
139 3461 300 3545 suspicari
331 3483 396 3526 non
435 3461 529 3542 licet,
564 3461 769 3542 neglegentia
793 3460 954 3542 lapicidae
982 3460 1034 3524 vel
1066 3482 1142 3526 casu
1171 3462 1311 3543 quodam

140 3569 240 3634 verba
262 3573 319 3656 τῆς
340 3569 456 3656 βουλῇς
484 3574 518 3632 et
546 3589 661 3632 nomen
693 3567 820 3632 scribae
853 3568 1085 3649 praetermissa
1117 3589 1200 3647 esse;
1232 3570 1311 3650 quid

139 3677 241 3758 igitur
271 3676 417 3760 impedit,
442 3674 617 3757 quominus
640 3673 722 3740 duos
746 3674 872 3738 scribas
895 3674 1142 3740 discernamus?
1333 3753 1335 3757 ¹

245 3782 370 3866 Majore
393 3782 592 3848 auctoritate
615 3781 684 3844 sine
708 3780 942 3846 dubioscriba
971 3787 1103 3872 senatus
1131 3783 1311 3866 populique

139 3897 213 3954 erat
237 3890 293 3970 qui
318 3889 352 3952 in
375 3911 475 3954 unum
496 3908 639 3952 inensem
660 3907 699 3950 ex
720 3887 927 3950 senatoribus
949 3887 1071 3952 electus
1087 3909 1155 3952 esse
1172 3889 1311 3954 ridetur.

246 3995 271 4061 J
273 4017 326 4062 am
343 4016 420 4060 vero
436 3994 586 4076 quaestio
603 3992 762 4072 oboritur,
789 4015 870 4075 quas
894 3993 936 4056 ad
953 4015 1005 4057 res
1026 3995 1096 4058 eius
1113 3994 1222 4060 officia
1238 4019 1311 4080 per·

139 4102 309 4170 tinuerint!
357 4101 545 4168 Dolendum
568 4106 626 4179 est,
651 4100 739 4181 quod
764 4099 847 4164 nihil
868 4121 907 4163 ex
924 4101 1194 4183 inscriptionibus
1211 4125 1310 4188 appa-

137 4249 238 4258 ——..-.

249 4316 269 4382 ¹)
288 4314 318 4368 c.
338 4313 366 4367 J.
387 4311 435 4366 or.
456 4312 479 4365 Ι.
502 4315 576 4364 mre.

160 4443 164 4450 .
247 4403 269 4470 ⁹)
289 4402 320 4455 Ο,
341 4401 368 4455 J.
389 4400 437 4455 Gr.
458 4401 480 4453 I.
504 4403 578 4454 10:38.

249 4491 269 4560 8)
289 4489 375 4544 rouo.
396 4489 499 4558 explic.
519 4488 569 4542 des
589 4489 671 4541 inser.
692 4505 719 4556 p.
743 4493 783 4546 13.
