3048 4878
622 269 844 332 ,39-

149 465 338 530 daemonios
363 470 432 528 tnm
457 463 542 546 apud
561 461 782 526 Athenienses
804 449 972 526 habemus.
1018 461 1070 526 De
1093 461 1191 526 rebus
1217 462 1321 525 foren-

146 572 237 637 sibus
255 571 496 653 Megarensium
521 569 604 632 nihil
622 569 752 633 scimus.
778 569 839 632 nisi
855 567 1140 652 Demosthenem')
1166 589 1319 650 magnum

146 701 316 742 nnmerum
340 684 562 742 trecentorum
596 676 742 758 judicum
769 675 876 738 exibet
900 674 1012 752 inissa
1051 675 1154 739 Nam'
1170 675 1261 740 tituli
1288 683 1319 740 et

149 787 326 868 scriptores
343 807 401 848 nos
425 782 590 848 deficiunt.
637 781 791 846 Etitulis
809 782 943 864 quidem
966 783 1160 864 repetendus
1184 805 1253 846 esse
1277 783 1321 846 vi-

149 892 255 964 detur,
281 889 381 972 quo‘2l
406 911 505 952 cansa
521 889 561 952 de
575 889 858 952 aedificationibus
875 888 1005 970 publice
1014 888 1134 952 locatis
1159 894 1320 972 suscepta,

147 1000 209 1062 etsi
243 997 346 1080 lapidi
371 995 542 1074 mandata,
579 1001 703 1059 tamen.
722 996 849 1059 aditum
874 995 915 1060 ad
940 998 1178 1061 accuratiorem
1202 998 1251 1060 rei
1275 997 1320 1061 fo·

148 1106 254 1169 rensis
278 1103 495 1185 cognitionem
512 1109 647 1185 propter
660 1103 778 1166 nimias
795 1102 929 1168 lacunas
943 1103 1037 1168 nobis
1062 1127 1126 1168 non
1150 1105 1319 1187 patefacit.

654 1469 733 1551 Cup.
760 1469 819 1536 IV.

357 1597 406 1676 De
434 1597 587 1696 publicis
617 1593 890 1692 mararensium*
907 1595 1108 1674 honoribus.

258 1736 453 1819 Quicunque
489 1735 529 1798 de
557 1735 670 1816 aliqua
704 1734 785 1798 urbe
808 1732 1011 1800 Graecorum
1044 1736 1110 1799 sive
1140 1737 1219 1800 civis
1256 1736 1323 1800 sire

151 1845 344 1928 peregrinus
372 1842 452 1906 bene
475 1847 654 1918 meruerat,
688 1841 869 1906 honoribus
893 1841 1114 1920 afficiebatur3
1141 1847 1239 1924 atque
1264 1843 1325 1905 eti-

150 1951 360 2034 amplurimi
384 1949 626 2032 Megarensium
651 1948 762 2026 tituli,
787 1949 842 2029 qni
868 1948 998 2029 quidem
1023 1949 1064 2012 ad
1088 1971 1147 2012 nos
1170 1970 1323 2032 pervene-

151 2060 227 2138 rint,
253 2058 287 2121 id
301 2063 477 2136 testantur3
503 2057 643 2120 bonores
661 2054 890 2119 tribuebantur
907 2055 1046 2118 decretis
1064 2061 1197 2120 senatus
1221 2077 1324 2138 popu-

151 2168 249 2248 lique,
276 2165 439 2237 interdum
468 2164 624 2228 tribuum.
672 2163 791 2244 ltaque
819 2183 883 2226 non
908 2163 1026 2227 mirum
1051 2169 1113 2242 est,
1147 2163 1234 2244 quod
1258 2163 1323 2226 for-

155 2272 262 2336 mulae
285 2273 428 2336 usitatae
453 2293 580 2354 semper
596 2269 838 2334 adhibebantur
862 2277 892 2332 et
918 2271 950 2332 in
975 2270 1097 2334 honore
1122 2269 1324 2334 decernendo

154 2385 186 2443 et
210 2381 242 2442 in
267 2377 444 2458 beneficiis,
484 2377 604 2460 quibus
628 2378 701 2459 quis
731 2376 789 2439 illo
818 2377 940 2440 bonore
970 2375 1103 2458 dignum
1129 2397 1161 2440 se
1185 2377 1322 2458 praesti·

153 2487 242 2558 terit,
268 2485 505 2550 enumerandis.
553 2483 656 2552 Velut
679 2485 810 2547 decreta
840 2483 937 2547 buius
966 2484 1092 2565 generis
1121 2484 1282 2565 incipiunt
1306 2506 1325 2547 a

154 2595 273 2659 verbis:
304 2590 415 2679 ἐπειδὴ
431 2585 448 2654 ὃ
465 2593 550 2656 δεῖνα
574 2584 681 2668 εὔνοος
712 2583 756 2655 dv
780 2591 917 2655 discredit
1007 2583 1131 2675 dycedric
1159 2588 1250 2670 τύχοι
1275 2591 1324 2654 δο-

155 2699 273 2781 ὀόχθαι
301 2705 355 2763 ecit
377 2700 489 2783 βοολᾶι
517 2701 568 2763 καὶ
601 2703 661 2769 τῶι
693 2697 798 2780 δάμιον
826 2690 888 2776 arii,
926 2704 977 2761 ter
1012 2699 1066 2778 qui
1102 2695 1326 2783 προβούλευμα

154 2806 225 2870 fieri
268 2808 385 2883 voluit,
430 2811 635 2870 memoratur.
700 2804 889 2882 ,cazlau
911 2802 1085 2888 Διόδωρος,
1101 2803 1128 2888 ⁴)
1167 2797 1198 2890 (d
1227 2805 1325 2888 δεῖνα)

155 2912 448 3002 Αριοοοκρῌτοοῧ)
472 2912 572 2992 'elegen
596 2905 696 2975 uiuit
720 2912 1016 2996 ντροβοβιολοομένον
1039 2906 1142 2992 ellum
1165 2913 1197 2974 in
1218 2911 1325 2975 titulis

153 3025 434 3084 monumentorum
468 3019 689 3083 dedicaturos:
719 3016 772 3080 rin
805 3019 891 3081 δεῖνα
919 3010 1073 3104 ἀνέθηκεν
1100 3011 1117 3082 ὁ
1146 3019 1247 3099 δᾶμος
1274 3020 1325 3083 rel

154 3127 257 3212 (Δομ)
282 3125 397 3211 aveat)
412 3118 648 3212 ildptcivldot,'‘)
674 3122 893 3210 Ildprprtoi;⁸)
917 3124 1036 3186 merita
1060 3125 1091 3186 in
1117 3125 1325 3207 Megarenses

156 3235 206 3297 vel
232 3233 487 3315 Aegostlienitas
523 3232 646 3295 collata
681 3229 916 3313 praedicantur
951 3230 1099 3293 formulis
1129 3231 1324 3296 solemnibus

153 3341 256 3404 bisce:
287 3332 399 3428 ἀρετῆς
430 3338 520 3404 ἕνεκα
548 3340 600 3403 καὶ
630 3330 753 3415 οἰνοίος
780 3341 839 3414 τᾶς
862 3337 908 3414 εἰς
932 3329 1027 3400 αὑτὸν
1052 3340 1109 3421 (sc.
1136 3338 1249 3422 δᾶμον)
1273 3340 1324 3402 vel

154 3440 278 3512 abactor
300 3444 378 3527 ἔχων
407 3447 545 3510 διατελεῖ
568 3444 613 3522 οἷς
645 3442 700 3532 τὴν
723 3443 817 3507 πόλιν
840 3437 898 3507 arii
923 3443 972 3506 vel
997 3436 1106 3520 οἴνους
1134 3437 1177 3507 ὤν
1200 3444 1250 3508 vel
1275 3439 1326 3508 ei·-

153 3577 225 3630 rorg
253 3553 306 3616 καὶ
332 3551 486 3640 χήρσιμος
516 3543 560 3615 ὢν
593 3551 731 3615 διατελεῖ
754 3555 814 3614 ruit
845 3547 960 3631 δάμιοι.
1011 3549 1103 3614 Raro
1140 3551 1325 3615 accuratius

155 3661 345 3724 meritorum
363 3661 485 3724 mentio
498 3658 534 3722 fit
549 3660 637 3721 velut
656 3651 763 3734 edroi-9
786 3648 830 3720 ὢν
852 3660 912 3719 νῶι
929 3655 1034 3738 δάμιον
1049 3657 1103 3720 καὶ
1112 3662 1220 3744 χρείας
1243 3682 1327 3742 νεορ-

266 3893 286 3960 1)
306 3890 453 3945 Demostb.
475 3890 509 3941 de
529 3889 598 3940 false
618 3888 672 3956 leg.
693 3889 753 3949 lita,
774 3890 814 3938 au.

222 4009 227 4012 -
262 3979 273 4011 ⁹
303 3978 371 4032 Leb.
394 3976 446 4031 No.
467 3980 508 4030 uo.

263 4069 285 4138 ³)
304 4067 373 4124 Leb.
393 4065 446 4119 No.
469 4071 491 4120 1.
511 4070 535 4120 2.

262 4157 284 4221 ⁴)
303 4155 371 4210 Leb.
393 4154 446 4209 No.
467 4158 490 4208 ῖ.

263 4248 286 4315 ὖ)
305 4246 369 4298 Bull
401 4247 435 4298 d''
456 4261 527 4299 corr.
547 4243 623 4298 Heli.
647 4245 712 4296 lasz·
733 4261 759 4311 p.
781 4245 840 4296 iil-⁸.

264 4336 287 4404 ις)
306 4333 357 4387 Lb.
378 4333 431 4392 N.o
450 4337 492 4386 48.

266 4423 287 4492 7)
306 4423 337 4476 C.
356 4421 383 4476 J.
405 4422 453 4478 Gr.
472 4423 495 4475 Ι.
518 4425 593 4476 uua

266 4512 288 4581 ὃ)
309 4512 338 4566 C.
359 4510 386 4564 J.
407 4511 455 4564 Gr.
475 4510 498 4565 l.
521 4514 595 4564 1073.
