3048 4878
706 585 893 688 Vita.

323 901 431 966 Natus
457 925 527 967 sum
552 904 714 968 Melohior
731 903 871 968 Thamm
897 905 929 967 iu
953 925 1039 987 pago
1056 902 1228 1006 Silesiensi
1252 901 1391 969 Schlau·
1506 929 1507 956 l

218 1009 284 1090 pitz
318 1031 347 1073 a.
372 1010 403 1074 d.
429 1009 531 1076 VIII.
556 1010 606 1074 Id.
631 1009 710 1076 Jan.
743 1011 774 1074 h.
807 1031 831 1074 s.
856 1009 933 1074 LX.
962 1014 1056 1093 patre
1085 1011 1253 1092 Augusto,
1285 1015 1391 1074 matre
1506 1027 1507 1086 l

217 1115 361 1181 Paulina
389 1139 407 1180 e
437 1124 534 1200 gente
564 1118 793 1200 Miinzberger,
834 1139 914 1200 quos
949 1116 1058 1181 adhue
1094 1117 1287 1199 superstites
1319 1136 1392 1181 esse

217 1223 358 1287 maxime
386 1224 507 1304 laetor3
532 1225 607 1288 fidei
631 1225 784 1290 addictus
809 1247 879 1290 sum
905 1224 1100 1303 catholicam
1124 1224 1239 1306 primis
1263 1223 1392 1288 littera·

216 1351 290 1393 rum
333 1331 501 1396 elementis
541 1332 686 1396 imbutus
723 1353 798 1396 vere
840 1332 918 1424 alini
957 1327 1292 1395 MDOOGLXXIII.
1323 1331 1392 1396 adii

165 1469 167 1476 ·
219 1439 423 1519 gymnasium
430 1435 671 1515 Swidniciense,
685 1437 918 1521 uuiAugustus
930 1437 1060 1518 Friode,
1074 1437 1123 1500 vir
1135 1436 1390 1517 illustrissimus,

159 1583 160 1588 κ
218 1544 340 1625 optime
362 1552 505 1627 praeest.
553 1546 759 1611 Maturitatis
788 1545 1011 1610 testimonium
1043 1543 1183 1626 adeptus
1213 1565 1288 1608 vere
1312 1545 1391 1608 anni

216 1647 568 1732 MDOOOLXXXII,
614 1659 652 1718 ut
687 1653 719 1717 in
766 1653 876 1718 studia
912 1650 1113 1734 philologiae
1147 1636 1389 1717 ‘incumberem

214 1757 460 1821 universitatem
515 1760 597 1840 petii
652 1757 774 1823 Oarolo
797 1795 809 1807 ·
830 1758 1095 1822 Eberhardinam
1128 1755 1391 1839 .Tubingensem

216 1863 410 1946 cholassque
445 1865 649 1947 frequentavi
675 1868 820 1930 virorum
852 1865 1024 1928 doctorum
1048 1861 1183 1945 Rohde,
1220 1862 1389 1946 Schwabe,

174 1971 181 1978 ’
216 1967 386 2052 Siegwart.
409 1969 579 2054 Tubingae
600 1995 673 2037 cum
698 1995 755 2036 sex
774 1991 901 2035 menses
918 1976 1138 2035 commoratus
1155 1991 1270 2050 essem,
1300 1969 1390 2042 ,Vra-
1506 1993 1507 2038 3

215 2076 380 2142 tislaviam
404 2100 455 2142 me
480 2080 604 2144 contuli
628 2099 844 2161 acroasesque
868 2080 901 2143 in
925 2077 1026 2142 Alma
1049 2077 1158 2142 Matre
1181 2076 1389 2162 Leopoldina

215 2183 326 2247 audivi
361 2184 504 2249 virorum
532 2185 790 2256 clarissimorum
823 2184 994 2268 Gaspary,
1025 2184 1145 2265 Hertz,
1179 2183 1385 2266 Praetorius,

215 2287 478 2372 Reifferscheidt,
491 2291 675 2357 Rossbach.
693 2292 898 2361 Vratislavia
911 2313 985 2356 vere
998 2293 1074 2355 anni
1088 2292 1119 2355 h.
1133 2313 1158 2356 s.
1171 2291 1390 2356 LXXXIII.

215 2395 324 2460 Halae
348 2396 514 2464 Saxonum
546 2401 780 2483 transmigravi
796 2401 916 2482 'ibique
941 2399 1061 2463 scholis
1085 2397 1220 2464 interfui
1244 2399 1390 2464 virorum

215 2493 514 2569 illustrissimorum
525 2503 1390 2590 Dittenberger,Erdmann,Gering,Glogau,Haym,

214 2609 439 2693 Heydemann,
464 2612 584 2693 Hiller,
615 2611 708 2693 Keil,
733 2613 867 2693 Krohn,
893 2613 1081 2693 Neumanu,
1107 2611 1203 2692 Pott,
1229 2611 1390 2692 Schmidt,
1506 2687 1507 2694 ἵ

215 2715 356 2800 Stumpf,
371 2717 563 2801 Vaihinger,
581 2719 718 2784 Zacher.
745 2720 857 2797 Keilii,
883 2721 944 2785 viri
958 2721 1148 2800 doctissimi,
1162 2718 1392 2784 benevolentia

213 2831 364 2906 receptus
388 2846 459 2888 sum
484 2826 516 2888 in
530 2827 716 2890 societatem
729 2827 970 2909 philologioam,
991 2828 1083 2911 juius
1107 2826 1276 2890 sodalibus
1290 2826 1389 2890 etiam
1506 2829 1507 2910 l

213 2951 298 2999 nunc
336 2931 533 2996 adnumeror
568 2939 667 3014 atque
699 2939 736 2997 ut
768 2933 1060 2998 exercitationibus
1095 2932 1321 3016 proseminarii
1354 2937 1389 2994 et

24 3129 29 3136 ι
90 3044 93 3048 ’
215 3037 586 3122 seminariiphilologici
604 3039 805 3106 interessem.
830 3039 919 3120 Keil,
943 3039 1063 3120 Hiller,
1083 3038 1317 3122 Dittenherger
1333 3037 1389 3102 be·

215 3145 312 3226 nigue
328 3152 570 3224 concesserunt3
596 3146 724 3210 Zacber
736 3153 845 3210 autem
858 3154 889 3210 et
913 3144 1038 3228 Gering
1054 3147 1219 3210 seminarii
1232 3145 1386 3209 theotisci

215 3250 354 3333 perduc
379 3253 550 3317 semestris
575 3252 718 3316 sodalem
742 3252 797 3339 me}
814 3275 884 3316 esse
900 3253 1131 3317 liberalissime
1153 3253 1384 3335 permiserunt;

216 3355 447 3440 Heydemanni
487 3345 691 3423 liberalitate
729 3359 810 3423 mihi
850 3359 1002 3443 contigit,
1043 3365 1078 3423 at
1117 3358 1387 3424 exercitationum
1506 3371 1507 3374 ’

170 3465 179 3472 ’
215 3464 552 3547 archaeologioarum,
596 3487 678 3547 quas
711 3455 885 3530 instituere
920 3466 1017 3546 solet,
1053 3463 1111 3548 per
1146 3471 1303 3547 quattuor
1342 3487 1391 3530 se·

216 3573 351 3636 mestria
386 3573 538 3654 participi
569 3593 639 3636 esse
663 3572 744 3636 mihi
773 3573 899 3652 liceret,
931 3579 1103 3654 praeterea
1138 3572 1199 3636 sub
1235 3572 1393 3655 auspiciis
1423 3633 1426 3640 ,
1506 3601 1507 3642 1

217 3675 404 3742 Neumanni
424 3701 453 3742 v.
471 3678 517 3741 ill.
537 3678 579 3743 ad
604 3679 853 3744 exercitationes
876 3678 1051 3742 historicas
1079 3699 1138 3762 per
1161 3679 1213 3742 bis
1238 3699 1393 3743 sexmen·

218 3805 269 3850 sos
295 3785 449 3850 accedere
472 3785 554 3848 mihi
577 3785 681 3850 licuit.

215 3889 218 3896 “
326 3889 455 3976 Quibus
479 3892 628 3959 omnibus
652 3893 730 3958 viris
742 3900 876 3977 propter
900 3891 1157 3958 benevolentiam
1178 3892 1305 3976 gratias
1329 3913 1393 3976 ago

219 4021 318 4090 quam
341 4000 510 4080 maximas,
536 4001 695 4083 imprimis
718 3999 788 4065 viro
817 3999 1051 4064 humanissimo
1074 3999 1130 4064 W.
1143 3999 1393 4084 Dittenberger,
1465 4086 1470 4091 ⁸

215 4107 308 4172 cuius
337 4127 436 4189 opera
464 4113 564 4189 atque
600 4107 723 4171 auxilio
759 4108 791 4171 in
821 4107 883 4171 hac
911 4107 1143 4173 dissertatione
1171 4105 1397 4191 componenda
1442 4085 1449 4102 ⁸

215 4213 356 4280 maxime
379 4235 459 4280 usus
483 4235 563 4280 sum.
1021 4211 1026 4226 '

590 4411 1014 4420 —p—--n———u--q--m
1026 4407 1029 4412 ¹
