3048 4878
733 207 953 316 444...

254 415 342 505 looo,
366 419 416 492 ita
436 419 621 511 largissime
646 426 845 515 demnatum
870 430 999 514 quade
1022 427 1151 496 ratione
1173 428 1262 514 apud
1284 423 1434 502 Atheni·

254 551 346 598 enses
370 533 469 599 titulo
493 534 634 618 quodam
643 534 666 623 ¹)
690 537 849 603 certiores
873 537 954 603 facti
977 559 1089 604 sumus
1112 537 1313 621 atque'inde
1336 536 1435 604 oolli-

254 647 330 721 gere
360 661 548 724 possumus,
579 650 783 728 quantopere
810 665 878 710 rem
905 644 1059 728 religioni
1088 643 1276 710 habuerint.
1337 643 1435 710 Nam
1505 663 1506 708 u

253 745 506 830 diligentissime
529 749 730 818 destinatum
761 759 828 831 est,
859 759 1020 834 quantum
1038 744 1159 820 ,earnis
1188 751 1434 834 sacerdotibus,

253 855 515 937 magistratibus,
540 859 644 944 pagis,
668 858 794 924 civibus
818 857 1053 944 assignandum
1077 861 1130 926 sit.

360 961 476 1046 Neque
504 985 581 1030 vero
611 963 694 1032 haeo
725 966 835 1032 omnia
862 966 1021 1032 beneficia
1050 989 1110 1051 pro
1139 965 1278 1032 arbitrio
1311 964 1433 1050 populi

253 1069 406 1150 proxenis
430 1071 567 1154 singulis
590 1077 649 1137 aut
672 1072 752 1138 data
768 1079 826 1138 aut
842 1080 966 1158 negata
982 1073 1144 1155 videntur,
1169 1073 1225 1138 sed
1242 1072 1314 1156 lege
1331 1092 1432 1158 prae·
1505 1061 1506 1152 J

254 1175 413 1259 seriptum
429 1176 540 1259 fuisse,
558 1179 668 1261 utqui
683 1179 807 1262 publici
824 1180 961 1265 hospitii
977 1180 1100 1246 honore
1115 1202 1136 1245 e
1151 1179 1272 1264 populo
1285 1175 1431 1246 effeetus

252 1289 350 1364 esset,
375 1284 472 1350 simul
496 1284 563 1350 illis
586 1306 716 1368 quoque
739 1287 916 1352 commodis
944 1293 1046 1370 atque
1074 1285 1276 1352 ornamentis
1303 1283 1432 1352 fruere-

253 1396 321 1468 tur;
352 1411 417 1473 quo
442 1398 592 1475 spectent
615 1391 697 1458 baeo
721 1393 895 1458 titulorum
917 1393 1032 1459 rerba:
1057 1394 1112 1459 καὶ
1127 1391 1167 1457 τὰ
1182 1385 1271 1470 ἄλλο,
1294 1385 1357 1460 ‘boa
1372 1391 1431 1456 καὶ
1505 1399 1506 1478 J

251 1507 321 1574 τοῖς
342 1490 452 1576 ἄλλοις
475 1499 641 1586 προξένοις
664 1493 681 1562 ὁ
704 1497 802 1582 νόμος
820 1497 975 1583 κελεύεις)
999 1500 1050 1565 rel
1065 1499 1147 1566 κατὰ
1162 1497 1200 1565 τὸ
1215 1497 1311 1581 νόμον
1321 1497 1349 1584 ⁸)
1374 1498 1431 1562 vel
1505 1487 1506 1560 i

252 1595 404 1690 ὑπάρχειν
432 1605 466 1672 δὲ
492 1612 543 1675 καὶ
573 1599 672 1672 τᾶλλο
696 1605 803 1672 πάντα
826 1598 945 1686 αὖτοῖς,
969 1599 1029 1672 ὅσα
1053 1608 1107 1674 καὶ
1128 1617 1198 1685 τοῖς
1220 1597 1329 1686 ἄλλοις
1343 1628 1430 1691 προ·

251 1711 351 1790 ξένοις
373 1705 554 1798 ὑπάρχοντα
577 1711 663 1778 ἔστιν
686 1711 800 1778 κοντὸν
823 1711 965 1800 νόμονῇ).

678 1944 733 2011 De
757 1945 985 2030 prohedria.

358 2087 531 2154 Honorum
556 2111 628 2155 oum
652 2090 811 2174 proxenia
835 2090 868 2182 in
892 2089 979 2152 viros
1003 2087 1043 2152 de
1066 2085 1318 2170 Megarensibus
1341 2086 1427 2159 bene

250 2194 385 2258 meritos
402 2194 606 2277 collatorum,
631 2195 755 2261 nullius
779 2195 983 2278 frequentius
1007 2196 1131 2259 mentio
1154 2193 1202 2275 fit,
1227 2215 1324 2277 quam
1350 2215 1426 2277 pro·
1505 2185 1506 2208 ³

193 2368 195 2371 ,
252 2301 399 2381 hedriae;
425 2323 509 2385 quse
533 2324 598 2385 qua
622 2304 654 2367 in
679 2324 714 2366 re
734 2303 929 2383 eonstiterit,
954 2302 1077 2385 optime
1090 2299 1243 2378 Suides⁶t
1266 2300 1426 2386 explicam

248 2407 424 2475 Vocabant
455 2409 538 2473 euim
572 2406 694 2475 Graeci
728 2408 939 2491 probedriam
970 2409 1024 2493 jus
1059 2407 1195 2472 sedendi
1237 2409 1271 2476 in
1306 2408 1426 2490 primis
1505 2425 1506 2448 r

250 2514 350 2595 sellio,
379 2516 529 2599 quotiens
553 2516 731 2598 contiones,
767 2516 847 2596 ludi,
873 2515 1062 2599 spectacula
1091 2514 1309 2582 habebantur.
1356 2513 1427 2580 Hic

249 2623 351 2687 honos
380 2623 467 2706 apud
493 2623 705 2707 Megarenses
737 2623 887 2689 omuibus
918 2623 1071 2706 proxenis
1103 2621 1289 2690 destinatus
1322 2619 1425 2686 inisse
1505 2679 1506 2704 ¹

251 2728 389 2796 videtur.
436 2728 523 2795 Nam
548 2729 666 2795 titulus
678 2728 721 2816 ⁶),
758 2731 907 2812 quamvis
935 2729 1118 2807 mutilatus,
1154 2728 1290 2835 praebet
1324 2728 1427 2794 rerba

248 2828 505 2922 καλ(έοοι)αὗτόν
527 2835 574 2914 εἰς
596 2837 768 2924 προεδρίαν
782 2835 937 2922 καθάπερ
951 2837 1006 2900 καὶ
1021 2828 1226 2914 sobriat-ove
1240 2835 1425 2922 προξένους.
1505 2831 1506 2856 ἶ

247 2941 458 3026 Megarenses
491 2942 702 3027 prohedriam
733 2944 765 3007 in
794 2942 882 3008 ludis
912 2943 1089 3032 praecipue
1125 2943 1312 3026 assignasse
1338 2943 1425 3006 veri·

248 3049 354 3115 simile
376 3056 448 3129 'est3
474 3049 553 3135 quid
577 3051 661 3136 enim
686 3049 786 3114 aliter
810 3048 1012 3132 significatur
1036 3049 1259 3116 additamento
1284 3045 1316 3115 ἐν
1338 3052 1425 3116 πᾶσι

248 3167 317 3234 τοῖς
351 3149 478 3242 ἀγῶσιν,
516 3154 564 3234 οἱς
592 3149 613 3220 ἆ
641 3153 737 3234 πόλος
763 3155 924 3244 τίθητιῗ).
971 3153 1069 3240 Quod
1100 3155 1221 3222 attinet
1256 3154 1298 3222 ad
1325 3156 1424 3223 ludos

249 3263 490 3347 Megarensium
513 3285 578 3328 non
599 3263 668 3346 jam
692 3263 843 3346 eognosoi
868 3269 991 3346 potest,
1021 3268 1102 3344 quot
1130 3262 1311 3346 qualesque
1340 3264 1422 3330 oele·
1505 3273 1506 3350 ρ

248 3370 338 3435 brati
362 3361 438 3435 sint.
484 3369 564 3435 Tria
588 3370 694 3435 solum
717 3391 837 3453 genera
861 3377 894 3434 et
917 3369 1058 3434 fortasse
1081 3369 1296 3436 celeberrima
1326 3371 1417 3436 nobis
1505 3393 1506 3402 ¹

248 3484 328 3543 nota
351 3475 605 3557 summisisse,
620 3468 803 3556 Ἀλκαθοῖο,
829 3475 942 3541 Πύθια
969 3475 1009 3540 τὰ
1039 3475 1138 3562 μικρά
1147 3475 1190 3561 8);
1222 3497 1305 3558 quae
1337 3499 1423 3544 uuae
1505 3485 1506 3488 ’

249 3584 391 3650 breviter
414 3583 609 3650 describam.

357 3885 516 3956 ¹)Koh1er,
536 3885 566 3942 0.
586 3885 614 3942 J.
634 3887 670 3942 A.
689 3884 721 3941 II
743 3890 800 3942 163.
839 3884 1046 3954 Dittenberger
1064 3885 1125 3954 syll.
1146 3889 1207 3942 380.

356 3976 379 4048 ²)
398 3975 491 4046 Rang,
511 3980 571 4033 704.

302 4089 304 4095 s
358 4064 491 4136 ³)Rang.
510 4069 570 4122 697.

354 4155 378 4225 ⁴)
397 4153 467 4212 Lab.
487 4155 554 4212 30b.

314 4238 318 4244 '
355 4245 378 4315 ὓ)
397 4243 499 4300 auidas
516 4258 541 4303 s.
563 4258 592 4303 v.
608 4235 773 4326 προεδριὰ.
858 4249 861 4256 ’

355 4334 378 4405 ⁸)
396 4327 489 4405 Rang.
509 4337 569 4392 703.

356 4421 489 4494 ⁷)Rang.
509 4427 569 4480 695.
589 4428 650 4480 Ίο2.

358 4513 381 4583 ⁸)
402 4512 489 4568 schol.
510 4513 546 4568 ad
564 4513 675 4584 Olymp.
695 4512 772 4568 XIII
792 4519 850 4570 155.
