3048 4878
171 1259 175 1266 ·
260 1209 346 1311 De
386 1207 831 1345 Megarensium
871 1211 1183 1312 institutis

247 1455 458 1536 Aristoteles
485 1477 549 1538 quo
574 1455 675 1542 looo¹)
707 1456 746 1519 (le
770 1456 938 1538 republica
962 1455 1224 1520 administranda
1243 1477 1312 1520 seu-

141 1563 277 1626 tentiam
302 1585 393 1626 suam
410 1563 531 1646 prodit,
550 1569 617 1626 tres
634 1563 777 1626 civitatis
793 1569 915 1645 partes,
940 1569 977 1626 ut
993 1563 1041 1626 ita
1057 1563 1173 1640 dicam,
1199 1562 1314 1626 (listin-

140 1669 212 1750 gnit
246 1667 283 1732 τὸ
318 1668 553 1753 βουλευόμενον,
593 1667 630 1732 τὸ
658 1670 733 1756 περὶ
762 1668 821 1747 τὰς
848 1662 955 1760 ἀρχὰς,
983 1668 1020 1733 τὸ
1051 1667 1189 1748 δικάζον;
1218 1692 1314 1752 qua-111

141 1775 393 1856 distinctionem,
423 1777 544 1859 quippe
568 1797 651 1858 quae
674 1799 738 1840 non
763 1776 804 1840 ab
835 1778 911 1860 ipso
944 1777 1132 1858 excogitata
1156 1777 1228 1855 erit,
1259 1775 1314 1840 sed

142 1902 179 1944 ex
205 1889 359 1947 accurata
384 1883 610 1948 observatione
635 1884 892 1954 institutionum.
925 1905 1010 1966 quae
1035 1891 1130 1974 erant
1155 1884 1186 1948 in
1211 1882 1313 1948 Grae-

141 1989 210 2054 ciae
235 1989 434 2070 civitatibus,
460 1990 620 2071 derivata,
645 1991 721 2054 linio
753 1991 970 2072 disputationi
998 1998 1166 2073 tamquam
1198 1991 1312 2054 funda-

140 2103 284 2160 mentum
308 2097 548 2178 subjioiendum
572 2105 652 2180 puto
678 2097 723 2160 ita
747 2105 784 2161 ut

185 2200 265 2284 Oap.
292 2202 320 2266 I.
368 2210 517 2268 senatum
540 2204 772 2287 populumque.

186 2308 267 2390 (lap.
292 2308 341 2373 II.
389 2310 607 2391 magistratus
632 2318 665 2375 et
689 2316 867 2376 curatores.

186 2413 267 2497 Oap.
293 2414 362 2479 ΙΙΙ.
410 2437 479 2480 rem
499 2417 710 2500 judiciariam
735 2438 905 2500 exponam.

186 2519 266 2605 (lap.
292 2521 353 2588 IV.
401 2545 486 2606 quae
502 2525 542 2589 de
559 2525 701 2609 publicis
718 2524 960 2608 Megarensium
977 2523 1157 2589 honoribus
1175 2525 1313 2590 dicenda

461 2633 537 2707 sint,
562 2631 707 2698 afferam.

658 2973 738 3056 Gap.
764 2971 794 3038 1.

504 3131 552 3212 lle
580 3136 708 3213 senatu
738 3134 946 3234 populoque.

246 3270 488 3354 Megarensium
511 3273 627 3338 civitas
652 3275 700 3339 ita
724 3274 787 3338 fuit
810 3281 1005 3358 temperata,
1031 3283 1067 3340 ut
1092 3284 1166 3340 eta
1197 3285 1311 3344 senatu

140 3383 173 3440 et
197 3399 217 3440 a
240 3378 362 3461 populo
386 3380 641 3462 gubernaretur3
666 3381 700 3444 id
725 3381 812 3463 quod
836 3403 874 3445 ex
904 3381 1053 3447 formulis
1084 3384 1311 3450 usitatissimis

139 3481 226 3563 ἔδοξε
247 3489 301 3548 τᾶι
324 3487 437 3568 p'oolcit
460 3488 514 3550 καὶ
536 3491 596 3551 rsit
620 3485 726 3569 ὄάμωι
750 3488 800 3551 vel
825 3486 912 3567 ἔδοξε
936 3491 995 3552 τῶι
1018 3485 1125 3569 δάμωι
1149 3491 1264 3558 elucet.

245 3590 308 3657 Sed
337 3594 364 3656 si
398 3595 584 3659 accuratius
616 3594 908 3677 perscrutabimur,
946 3615 1176 3675 cognoscemus
1213 3620 1311 3680 penes

140 3697 295 3778 populum
320 3700 426 3782 ipsum
450 3701 551 3765 fuisse
567 3723 725 3765 summanr
746 3707 954 3783 potestatem.
1001 3701 1087 3766 Erat
1104 3703 1190 3766 euim
1206 3703 1310 3771 Grae-

139 3823 259 3882 corum,
285 3813 400 3888 utpote
424 3807 590 3872 libertatis
615 3829 724 3871 amore
748 3807 1039 3886 inflammatorum,
1066 3809 1175 3874 omnia
1198 3814 1311 3894 paullo

138 3911 291 3989 graviora
312 3913 513 3996 reipublicae
536 3915 669 3998 negotia
694 3915 735 3978 ad
759 3914 871 3997 populi
897 3913 1041 3977 universi
1064 3914 1239 3982 arbitrium
1263 3941 1311 3984 re-

140 4037 263 4081 vocare.
322 4020 442 4103 Itaque
478 4024 619 4104 primum
655 4021 787 4104 quidem
822 4021 979 4103 populum
1016 4021 1156 4108 (δᾶμον),
1194 4046 1209 4087 e
1245 4048 1310 4107 quo

137 4126 245 4188 omnia
269 4128 364 4207 quasi
389 4127 538 4209 effluunt,
564 4128 760 4206 describam,
787 4129 848 4192 etsi
872 4147 1037 4210 perpauca
1061 4134 1200 4210 tantum,
1227 4153 1311 4214 quae

136 4239 229 4295 certa
253 4231 368 4297 afferre
392 4236 525 4316 possim,
550 4257 601 4300 rne
626 4235 747 4300 babere
772 4233 941 4298 fatendum
965 4239 1024 4297 cst.

249 4480 269 4549 ¹)
288 4481 408 4534 Aristot.
429 4484 486 4550 pol.
506 4483 558 4549 IV,
581 4487 620 4536 14.
643 4486 719 4536 1297.
740 4482 771 4536 B.
792 4487 833 4536 42.
