3048 4878
615 305 863 363 Η.9..’

128 481 246 546 ditum.
271 481 350 563 quid
375 481 443 544 veri
473 479 672 562 negligentia
699 481 853 544 omissum
888 480 944 560 sit,
977 479 1171 543 difficillime
1202 487 1301 562 queat
1333 519 1336 524 ,

126 589 310 672 dijudicari.
1164 605 1168 609 ·

234 693 453 772 Pausanias¹j
486 697 586 777 igitur
610 696 733 777 primns
757 695 957 778 Megaridem
989 692 1165 760 incoluisse
1188 693 1298 775 Cares,

128 805 245 868 deinde
269 803 461 868 adventasse
485 801 622 884 Leleges
647 809 774 875 carran
797 803 865 886 jam
890 809 1026 879 terram,
1052 825 1124 866 cum
1147 802 1300 866 Pandion

29 995 31 998 Ι
128 910 281 975 Athenas
305 915 444 992 regeret,
469 916 596 992 partem
620 913 741 973 factam
765 931 834 973 esse
851 905 988 974 Atticae
1005 916 1146 973 testatur
1162 909 1299 992 Apelle·
1362 951 1365 958 -
1412 915 1416 922 “

129 1016 260 1101 dorus2)
319 1015 442 1080 Postea
465 1038 539 1080 eum
564 1016 740 1080 Dorienses
765 1039 875 1082 omnes
899 1016 1118 1100 Peloponnesi
1149 1019 1299 1098 regiones

129 1130 352 1206 occupassent,
378 1121 487 1188 Codro
522 1124 640 1204 occiso,
677 1124 709 1186 in
734 1123 934 1206 Megaridem
972 1122 1178 1188 invaserunt¹
1196 1145 1299 1207 eoque

129 1231 261 1295 colonos
286 1253 303 1294 e
327 1231 491 1295 Messenia
516 1237 548 1294 et
573 1229 1020 1316 Corinthotrarlnxeru11t⁴),
1052 1254 1151 1314 quare
1176 1232 1300 1296 factum

128 1345 187 1419 est,
213 1345 250 1401 ut
274 1339 485 1421 Megarenses
509 1338 623 1421 lingua
655 1346 686 1400 et
710 1337 856 1402 moribus
888 1340 1025 1402 mutatis
1050 1339 1227 1402 Dorienses
1261 1361 1299 1402 ex

129 1443 250 1510 Atticis
275 1442 439 1529 fierent4).
495 1445 620 1512 Eodem
652 1446 719 1509 iere
750 1451 895 1528 tempore
918 1445 1056 1529 Megara
1088 1447 1166 1510 urbs
1197 1447 1300 1510 totius

128 1554 272 1636 regionis
307 1560 407 1635 eaput
442 1552 566 1616 factum
597 1549 668 1624 'est;
705 1553 792 1636 quod
827 1552 1095 1617 luculentissimis
1120 1553 1296 1638 Seymni⁵)‚

130 1659 338 1746 Herodoti⁶)‚
365 1660 485 1743 Velleji
517 1660 687 1726 Paterculi
699 1659 739 1743 ⁷),'
766 1659 973 1732 Strabonis⁸l
1002 1663 1197 1725 testimoniis
1225 1683 1299 1743 pro-

128 1768 235 1832 batur.
281 1766 395 1849 Atque
419 1790 493 1832 cum
517 1775 615 1832 antea
639 1769 772 1850 regibus
796 1769 911 1832 civitas
936 1770 1108 1851 paruisset,
1133 1769 1200 1832 illis
1221 1776 1304 1844 teni-¹

127 1871 275 1958 poribus,
306 1875 355 1938 vel
385 1875 484 1958 paulo
512 1881 587 1958 post
620 1875 748 1939 sublato
778 1897 878 1956 regno
906 1875 948 1939 ad
976 1897 1098 1958 paucos
1129 1877 1299 1958 imperium

129 1989 178 2046 est
202 1983 350 2048 delatum
374 1983 584 2065 familiaeque
608 1983 806 2045 advenarum
824 1982 1034 2046 Doriensium
1053 1983 1167 2065 primis
1185 1983 1299 2046 ineolis

129 2091 288 2172 imperare
312 2095 498 2171 coeperunt.
545 2089 662 2171 Neque
686 2095 794 2153 tamen
818 2090 875 2153 diu
900 2091 949 2152 sui
971 2091 1055 2173 juris
1080 2089 1186 2168 fuere3
1202 2089 1300 2154 'Nam

130 2219 203 2261 cum
235 2195 387 2260 Corinthi
411 2195 621 2260 Bacchiadae
654 2217 763 2260 rerum
794 2196 891 2278 petiti
924 2203 1046 2276 essent,
1078 2198 1299 2280 Megarenses.

130 2312 167 2367 ut
194 2312 293 2367 antea
328 2302 368 2366 ab
392 2303 663 2381 Atheniensibus,
700 2305 746 2367 sic
779 2304 844 2386 jam
882 2327 901 2368 a
930 2303 1117 2368 'Corinthiis
1153 2305 1299 2386 oppressi

130 2410 371 2487 tenebanturll.
398 2411 500 2474 donec
522 2412 619 2493 plane
643 2433 677 2475 se
693 2409 979 2494 liberaverunt¹⁰).
1029 2413 1100 2475 Hoc
1117 2412 1301 2476 luculenter

132 2517 370 2603 scholiastes¹¹)
394 2518 547 2582 Platonis
576 2519 698 2600 aliique
730 2521 764 2582 in
795 2520 987 2602 explicando
1023 2520 1196 2602 proverbio
1222 2517 1302 2597 Διὸς

129 2624 292 2712 Κόρινθος
326 2632 491 2702 enarrant.
542 2625 695 2689 Liberati
730 2627 881 2708 deinceps
917 2628 1125 2708 Megarenses
1161 2628 1202 2690 ad
1238 2651 1301 2690 non

131 2735 280 2815 exiguam
304 2735 481 2816 potentiam
506 2740 736 2815 pervenerunt,
762 2733 943 2817 opibusque
967 2735 1015 2798 ita
1038 2733 1233 2813 floruerunt,
1264 2742 1301 2798 ut

129 2841 251 2904 multas
275 2841 420 2904 colonias
446 2839 701 2919 deducerentffi),
726 2841 869 2923 finesque
892 2842 993 2906 latius
1021 2842 1222 2924 preferrent3
1252 2849 1300 2906 at-

130 2969 192 3030 que
217 2948 265 3010 vel
290 2969 362 3010 eum
388 2948 655 3020 Atheniensibus,
681 2970 818 3030 quorum
847 2955 945 3012 antea
973 2950 1006 3012 in
1038 2955 1201 3032 potestate
1233 2949 1300 3013 fue-

129 3061 214 3132 rant,
240 3055 393 3136 congredi
418 3060 605 3136 potuerunt,
630 3077 687 3119 nec
711 3057 779 3119 sine
804 3057 910 3138 gloria
935 3057 974 3120 de
998 3055 1164 3122 Salamine
1194 3057 1298 3120 insula

129 3161 395 3247 certaverunuss),
441 3162 622 3227 Maximum
653 3171 761 3228 autem
798 3163 839 3227 ad
875 3185 986 3227 eorum
1022 3185 1098 3247 opes
1134 3165 1299 3247 augendas

129 3269 269 3333 contulit
293 3267 483 3352 Timagenes
508 3277 677 3354 tyrannus,
703 3272 758 3354 qui
784 3309 826 3316 »-
851 3271 950 3335 sicuti
974 3271 1032 3334 illa
1060 3277 1170 3335 aetate
1198 3273 1299 3337 omni-

237 3664 258 3731 ³)
278 3664 389 3732 Seymn.
411 3665 504 3719 Chius,
525 3665 583 3718 orb.
606 3665 694 3717 deser.
708 3669 774 3716 'atra
796 3665 837 3716 ed.
858 3663 1013 3716 Fabricius.

248 3757 258 3822 )
278 3753 360 3808 Paus.
380 3753 404 3808 Ι.
425 3759 466 3808 39.
487 3759 510 3808 ἴ).

248 3846 259 3912 )
279 3843 390 3911 Seymn.
410 3862 435 3897 v.
456 3849 514 3896 ael.

234 3933 257 4000 θ)
275 3931 382 3986 Herod.
403 3931 437 3984 V.
458 3935 499 3984 76,

230 4023 257 4092 17)
277 4022 351 4076 Vell.
371 4021 481 4074 Patere.
502 4021 524 4074 Ι.
546 4025 568 4074 ·2.

234 4113 257 4181 8)
276 4112 379 4165 Strabo
398 4109 449 4162 IX.
469 4115 530 4165 393.

233 4201 257 4269 ⁹)
276 4199 348 4253 Plat.
370 4203 476 4267 quaest.
497 4197 545 4252 Gr.
565 4198 662 4253 XVII.

224 4289 259 4357 10)
279 4289 365 4342 schol.
385 4289 413 4341 in
433 4287 515 4344 Pind.
536 4288 615 4343 Nem.
636 4289 696 4342 VII
717 4296 775 4343 ise.
795 4289 907 4352 Melior,
927 4289 995 4344 Dor.
1016 4291 1038 4344 l.
1059 4295 1100 4346 88.

223 4376 259 4446 11’)
278 4377 358 4431 Bekk
377 4378 464 4432 schol.
484 4397 511 4447 p.
531 4383 590 4434 368.

223 4465 819 4536 mmmmewmfflum

222 4555 258 4626 13)
277 4553 359 4610 Paua.
379 4556 394 4610 I
413 4559 455 4610 49.
476 4563 499 4612 5.
519 4553 595 4624 Plut,
616 4556 711 4610 Solon.
732 4575 754 4611 c.
774 4561 800 4612 8.
