3048 4878
603 258 825 320 ..31-

123 434 235 519 obus¹)
270 435 454 498 titulorum.
479 432 776 520 quosuharfeldius
805 431 950 514 collegit.
976 434 1107 496 nomina
1131 431 1299 498 archontis

124 541 296 606 Onchestii
320 539 500 606 Aristoclis
529 546 561 603 et
591 539 729 604 duorum
762 539 953 604 archontum
985 540 1183 604 urbanorum
1219 539 1299 620 legi·

126 671 207 714 mus.
255 649 374 730 Itaque
398 648 459 711 uisi
485 647 549 710 duo
574 647 717 728 catalogi
739 669 798 729 per
822 668 921 710 unum
945 669 1066 710 urinum
1078 645 1299 729 Aegosthenis

125 755 297 837 compositi
323 761 416 836 sunt,
446 754 534 836 quod
558 753 758 836 negaverim,
787 758 820 818 et
843 753 907 816 uisi
931 753 1053 818 archon
1077 751 1301 835 Aegostheuis

125 860 281 927 suffectus
298 867 357 940 est,
379 861 465 924 alter
483 858 632 945 titulus²)
646 861 703 924 alii
721 860 806 939 urbi,
831 881 945 942 nempe
962 860 1106 942 Megaris
1119 858 1301 924 attribuen-

123 968 185 1034 dus
217 974 276 1032 est.
324 967 468 1032 Nomina
501 967 695 1032 archontum
725 965 820 1030 nobis
850 972 929 1030 nota
952 967 1129 1031 secundum
1153 966 1299 1030 ordinem

126 1075 298 1138 titulorum
340 1080 416 1138 sunt
440 1074 534 1138 haec:
571 1073 857 1156 Aegosthenitae:·
877 1071 1090 1158 Κλεὸδρομος,
1115 1071 1299 1160 Καλλικλῆς,

128 1179 298 1266 (reddemur,
318 1172 454 1261 Ῐλχέλων,
468 1171 709 1257 bacchionitae,
730 1179 928 1266 Καλλιγένης,
942 1173 1091 1263 Ἡράκων,
1098 1170 1269 1265 Ἀριστίων,
1275 1178 1301 1262 3)

126 1289 336 1370 Megarenses
360 1286 551 1368 Κλείμαχος,
585 1279 759 1373 Ὁμόφρων.
806 1286 855 1350 At
884 1286 1024 1351 nunide
1056 1292 1162 1350 aetate
1187 1307 1299 1349 eorum

124 1393 304 1477 quidquam
329 1395 409 1458 certi
435 1394 537 1458 statui
563 1393 687 1476 possit,
717 1393 852 1470 ¹dubit03
889 1391 977 1475 quod
1010 1391 1139 1475 quidem
1170 1391 1301 1456 facilius

126 1507 222 1566 esset.
250 1501 278 1564 si
304 1501 462 1583 adscripti
480 1500 655 1564 archontes
673 1498 844 1564 Onchestii
858 1499 952 1563 nobis
969 1521 1082 1563 ansam
1095 1497 1299 1582 praeberent.

534 1712 591 1778 De
614 1713 893 1796 polemarchis.

233 1855 280 1921 Ut
304 1857 391 1938 regi,
428 1877 552 1920 summo
576 1853 819 1938 Megarensium
849 1855 1076 1936 magistratui,
1110 1853 1302 1936 plerumque

126 1970 306 2045 praetores,
332 1963 380 2028 ita
404 1963 554 2027 archonti
578 1963 612 2026 iu
629 1960 757 2026 duobus
781 1962 889 2025 titulis
905 1961 1105 2044 polernarcbi
1122 1960 1302 2045 adjungun-

126 2076 189 2134 tur.
237 2070 281 2134 Id
306 2071 439 2152 quidem
468 2057 544 2134 inde
569 2069 691 2132 iactum
716 2075 778 2146 est,
810 2068 897 2151 quod
920 2068 1129 2150 Megarenses
1153 2089 1225 2132 cum
1250 2090 1300 2132 ar·

129 2176 257 2241 chontis
294 2177 489 2259 dignitatem
525 2177 565 2241 de
597 2175 731 2241 Boeotis
767 2182 987 2250 assumerent,
1024 2180 1193 2258 praetores
1229 2195 1302 2238 oum

131 2282 348 2366 polemarchis
365 2283 547 2362 mutabant,
572 2289 692 2360 tamen,
717 2283 764 2345 ita
788 2288 825 2346 ut
848 2283 1096 2366 qinqueviratus
1120 2302 1303 2345 asservare-

129 2396 194 2454 tur.
245 2390 333 2454 Nam
370 2391 402 2454 in
432 2390 569 2472 singulis
593 2389 731 2454 urbibus
755 2388 958 2454 Boeotorum
987 2394 1054 2452 tres
1090 2387 1301 2471 polemarchi,

129 2518 190 2559 uon
217 2519 281 2575 sex,
310 2497 343 2561 id
367 2497 455 2580 quod
479 2497 628 2561 voluerat
650 2493 868 2579 Boechbusf)
894 2496 1036 2560 fuerunt.

234 2602 308 2668 Iam
332 2605 365 2668 in
389 2603 591 2688 quaerendo,
625 2624 708 2685 quae
740 2624 876 2666 munera
900 2601 1140 2684 praestiterint,
1171 2619 1302 2664 necesse

131 2710 194 2772 erit
225 2711 385 2774 rationem
414 2711 592 2775 habeamus
623 2716 655 2774 et
685 2716 873 2792 praetorum
906 2708 1149 2790 Megarensium
1181 2712 1212 2770 et
1247 2727 1302 2787 po·

132 2813 368 2882 lemarchorum
389 2816 631 2896 Boeoticorum,
656 2838 727 2880 cum
751 2816 871 2899 quibus
895 2817 954 2880 hos
977 2814 1192 2897 magistratus
1216 2833 1304 2894 mag·

129 2943 203 2986 narn
248 2923 495 2988 similitudinem
535 2924 658 2988 habere
697 2930 832 3006 propter
872 2922 1028 3004 originem
1069 2921 1155 2984 inter
1195 2939 1304 2984 omnes

131 3035 271 3093 constat.
318 3029 368 3093 De
400 3031 537 3113 singulis
561 3029 847 3113 polemarchorum
871 3029 952 3092 haee
976 3026 1093 3090 afferre
1116 3047 1303 3110 possumus3

130 3136 227 3200 rebus
265 3135 467 3201 militaribus
506 3136 754 3214 cousuluerunt,
794 3156 870 3198 uam
909 3134 1128 3216 polemarchis
1167 3133 1303 3197 arbitris

130 3234 282 3328 ἀπῆλθον
305 3244 340 3324 ἐξ
361 3240 487 3330 ἐφήβων
510 3242 558 3321 εἰς
580 3240 620 3306 τὰ
643 3240 790 3327 τάγματα
814 3241 1041 3323 Megarenses;
1075 3239 1190 3304 deiude
1214 3240 1241 3303 si
1266 3263 1304 3304 ex

135 3349 329 3414 Boeotorum
353 3349 481 3432 legibus
510 3350 549 3413 de
565 3349 811 3432 Megarensium
835 3345 1054 3430 polemarchis
1079 3335 1302 3428 conjecturam
1389 3397 1391 3404 ι

131 3478 247 3538 capere
272 3455 358 3537 licet,
384 3456 523 3538 primum
548 3457 580 3519 in
606 3456 704 3520 robus
727 3454 926 3537 pecuniariis
951 3452 1042 3516 urbis
1067 3453 1135 3516 rice
1152 3453 1303 3534 agebant.

132 3563 217 3627 sicut
242 3563 466 3645 polemarchos
490 3559 813 3646 Orclroineniorum⁶)
838 3562 870 3625 in
895 3559 1181 3644 pactoNicaretae
1207 3558 1304 3622 vades

133 3691 166 3732 se
194 3669 323 3734 dedisse
359 3671 492 3749 seimus3
530 3669 647 3733 deinde
683 3670 768 3732 cives
803 3669 836 3733 iu
867 3667 995 3731 vincula
1031 3664 1225 3749 conjiciendi
1250 3665 1304 3750 jus

133 3776 249 3860 erat30)
274 3776 351 3859 quin
376 3778 474 3841 etium
500 3776 627 3840 scribae
651 3776 894 3859 pepulimunus
919 3771 1083 3837 interdum
1107 3771 1147 3835 iis
1170 3772 1304 3836 mauda-

130 3973 187 3984 ψ...-

151 4061 161 4070 “
242 4063 264 4130 ¹)
284 4060 336 4114 Lb.
360 4065 399 4112 lo.
421 4059 492 4127 :um
513 4059 631 4112 Lart'eld
652 4060 712 4126 syll.
732 4076 759 4125 p.
781 4061 840 4110 222.
861 4061 919 4110 2⁴23.

240 4150 263 4221 9)
282 4150 350 4204 Leb.
372 4152 437 4206 34b.

242 4240 264 4309 ³)
283 4240 388 4294 Bullet.
409 4240 444 4294 de
463 4257 535 4292 err.
556 4238 633 4292 Heli.
655 4241 721 4292 1885,
741 4254 768 4304 p.
788 4239 847 4288 319.

240 4329 263 4398 ⁴)
282 4330 300 4381 1.
320 4329 343 4384 l.
363 4329 412 4382 Gr.
432 4328 455 4382 I.
475 4331 535 4383 730.

240 4418 262 4487 ὁ)
281 4416 356 4471 Bull.
376 4417 411 4471 de
430 4435 502 4471 corr.
522 4416 589 4470 hell.
609 4413 659 4468 IV.
682 4419 720 4466 15.

241 4507 263 4576 6λ
283 4504 415 4575 Xenoph.
435 4504 549 4558 Hellen.
570 4504 604 4556 V.
625 4507 649 4558 4.
669 4508 692 4555 8.
