3048 4878
571 259 790 325 ..Δ-43...

92 441 160 524 qua
184 437 250 512 iarir
273 437 374 506 'verba
399 438 546 520 fecimus,
571 440 733 522 imprimis
749 438 914 525 προεδρία,
933 438 1025 503 ouius
1042 435 1165 522 postea
1179 433 1277 504 τοοκ(

90 547 216 614 tionem
247 547 421 632 iaciemus,
454 547 627 631 privilegia
656 547 740 610 varii
768 547 896 629 generis
927 551 1027 628 atque
1055 567 1120 610 non
1149 546 1268 628 exigua

92 662 202 734 erant;
227 661 327 738 atque
355 655 496 740 primurn
523 653 656 737 quidem
689 645 864 738 clauim),
898 653 1089 719 beneficium
1117 652 1268 716 immuni-

94 763 187 844 tatis,
213 785 374 845 quaeque
391 763 472 828 inre
491 763 684 839 eonstiterit,
709 784 774 826 non
788 761 983 844 explloalnrq
1009 761 1148 826 fortasse
1159 759 1269 842 Mega-¹

95 891 205 934 renses
230 893 249 934 a
273 871 454 954 peregrinis
477 874 647 951 μετοίκιον,
673 870 759 951 quod
783 876 930 934 vocatur.
955 869 1131 951 poscebant
1155 889 1268 950 proxe·

94 976 211 1057 nisque
235 977 297 1040 hoo
322 977 468 1041 debiturn
493 967 721 1050 remittebant3
747 977 887 1042 fortasse
904 968 1121 1061 proxenorurri
1137 981 1210 1039 erat
1225 974 1267 1039 ad

96 1084 259 1163 impensas
283 1083 414 1165 publice
439 1083 605 1149 faciendas
630 1084 846 1164 contribuere,
871 1092 970 1166 atque
995 1084 1158 1148 nonnullis
1176 1103 1269 1146 vaea-

96 1189 143 1251 tio
173 1188 332 1268 dabatur3
368 1190 485 1254 deinde
520 1182 670 1276 donuae
707 1199 796 1262 terra
831 1192 979 1273 marique
1015 1191 1268 1272 decernebatur,

97 1294 240 1360 formula
273 1295 426 1362 solemnis
458 1305 543 1364 erat:
578 1291 710 1363 ἀσυλίαν
740 1298 791 1362 καὶ
820 1296 900 1362 κατὰ
928 1304 986 1386 yfir
1013 1299 1068 1362 καὶ
1094 1295 1174 1362 κατὰ
1202 1295 1269 1361 θά-

96 1402 214 1468 λατταν
236 1405 290 1468 καὶ
317 1402 349 1468 ἐν
377 1403 523 1486 aculeatae
550 1407 603 1470 καὶ
631 1403 663 1470 ἐκ
691 1403 825 1490 sindona
848 1413 920 1470 tuni
949 1404 1093 1492 ’ἑγκτησις
1124 1409 1183 1491 γᾶς
1217 1405 1270 1468 καὶ

98 1507 236 1595 azareel)
274 1511 325 1575 vel
362 1510 465 1590 οἰκίας
499 1511 675 1595 ἕμιοασιςῆ
706 1553 750 1582 -,
779 1535 862 1596 quae
890 1513 990 1576 rerba
1021 1510 1269 1595 Rangsbeius⁶)
1369 1589 1370 1594 ἵ

96 1615 200 1694 οἰκίας
223 1614 364 1702 ἐπαρχάν
387 1619 451 1702 legi
483 1598 562 1683 vulti
595 1659 638 1668 -
670 1620 746 1683 Hoo
779 1619 864 1684 dono
896 1621 1048 1702 proxenis
1080 1640 1270 1684 eoncessum

97 1730 179 1797 erat,
204 1731 242 1787 ut
258 1724 371 1788 domos
387 1747 550 1808 agrosque
566 1727 785 1809 possirlerent;
809 1727 949 1809 denique
966 1724 1153 1807 ecrvonral)
1170 1725 1270 1790 semel

99 1829 231 1894 decreto
255 1830 501 1913 Aegosthenioo
526 1833 650 1898 tradita
674 1842 773 1916 atque
808 1835 869 1899 hoo
902 1834 975 1898 loeo
1010 1834 1270 1898 additamentum

5 1987 6 1990 ι
97 1938 194 2019 quasi
218 1938 260 2002 ad
278 1943 387 2002 cetera
403 1940 592 2024 privilegia:
618 1935 704 2022 εἶμεν
720 1942 753 2006 δὲ
768 1935 869 2006 oderit
885 1943 939 2006 καὶ
955 1939 1132 2022 ἐκιικομίαν.
1180 1939 1270 2002 Huic

96 2045 200 2126 igitur
224 2045 428 2129 Apollodoro
462 2047 523 2111 civi
548 2049 751 2131 Megarensi,
779 2071 892 2132 greges
924 2050 956 2112 in
986 2069 1110 2130 pascua
1139 2046 1272 2130 publiea

99 2150 417 2234 Aegostlrenitarurn
456 2136 555 2238 agere
593 2153 723 2220 licebat.
774 2153 852 2220 Huo
880 2156 1079 2220 accedebant
1108 2154 1271 2236 interdurn

99 2259 204 2340 κοιναὶ
219 2263 336 2322 θυσίαι
347 2257 388 2343 7),
411 2260 581 2324 sacrifieiis
597 2253 913 2344 publiois'interesse
929 2263 992 2325 nisi
1010 2261 1133 2325 civibus
1150 2260 1271 2324 nemini

99 2366 294 2446 permissum
319 2374 399 2430 erat.
447 2367 566 2452 Itaque
595 2349 908 2450 Graeuioavebant,
941 2392 981 2434 ne
1006 2370 1093 2452 quia,
1127 2368 1180 2431 oui
1208 2389 1272 2432 non

6 2527 7 2550 ,
98 2472 224 2552 liceret,
241 2474 420 2566 ¹spectandi
445 2476 553 2539 studio
586 2476 628 2540 ad
657 2477 820 2542 sacrificia
848 2478 1038 2561 duceretur,
1073 2497 1157 2558 quae
1186 2476 1272 2538 ratio

98 2601 165 2662 quo
189 2581 333 2646 severius
358 2582 586 2664 adhibebatur,
614 2606 651 2648 eo
676 2585 780 2668 major
796 2586 899 2666 honos
916 2585 1071 2648 inerat-in
1088 2581 1270 2666 privilegio,

100 2707 165 2768 quo
195 2690 366 2771 peregrino
391 2689 433 2754 ad
458 2712 496 2755 ea
519 2692 628 2757 aditus
653 2692 805 2757 dabatur.
844 2691 1060 2756 Memorabile
1085 2692 1187 2774 igitur
1211 2697 1272 2756 est.

101 2790 360 2874 Aegosthenitas
389 2799 451 2860 toti
481 2799 602 2882 populo
630 2797 852 2881 Siphensiurn,
887 2801 943 2880 qni
972 2804 1071 2862 antea
1104 2799 1178 2862 illos
1209 2796 1272 2859 sibi

101 2898 269 2964 benefieiis
294 2903 528 2984 obstrinxerat,
543 2906 637 2970 'illud
658 2907 711 2989 jus
736 2907 892 2970 tribuisse
919 2904 1100 2990 ‹leereto⁸):
1131 2902 1177 2982 εἰς
1204 2905 1273 2967 κοι-

99 3004 156 3086 νὰς
183 3007 312 3086 θυσίας,
341 3003 381 3102 ἃς
410 3008 512 3090 δαίζοι
528 3005 566 3094 d
602 3010 699 3090 πόλις.
730 3006 882 3098 ὑπάρχειν
917 3005 1026 3090 αὐτοῖς
1059 3009 1213 3097 καθάπερ
1236 3036 1273 3098 κο

100 3123 170 3192 τοῖς
192 3114 358 3196 aodimus,
384 3139 448 3200 quo
471 3119 660 3203 privilegio,
686 3121 742 3202 qui
771 3104 981 3198 fruebantur,
1005 3141 1068 3182 non
1098 3119 1202 3182 solum
1230 3119 1272 3183 ad

99 3240 205 3299 saura,
231 3223 258 3284 si
282 3223 416 3288 libitum
444 3234 524 3305 erat,
555 3226 763 3306 accedebant,
795 3226 851 3290 sed
879 3227 978 3289 etiam
1006 3232 1133 3309 partem
1165 3226 1275 3289 earnis

98 3327 321 3411 accipiebant·;
346 3331 434 3414 quod
455 3325 586 3414 quidem
604 3334 727 3413 verbis;
753 3332 909 3398 δεδόσθαι
926 3333 958 3396 δὲ
974 3333 1028 3396 καὶ
1042 3333 1156 3418 μερίδα
1173 3325 1273 3395 αι’·τῶι

99 3433 133 3498 ἐκ
163 3439 229 3499 τῶν
259 3430 561 3528 Μολαμοιοδείωνθ),
592 3441 767 3505 indioatur.
834 3422 1147 3506 Haec'slistributio
1175 3438 1272 3502 sertis

99 3531 237 3622 legibus
251 3546 432 3611 constituta
456 3567 527 3610 esse
553 3547 690 3627 ridetur,
717 3554 817 3630 atque
842 3554 878 3611 ut
902 3541 1042 3630 quisque
1064 3552 1133 3610 erat
1150 3567 1273 3624 summo

120 3723 312 3733 Ἢ

211 3809 231 3876 ²)
250 3807 342 3880 Rang.
362 3814 423 3876 698,
444 3815 495 3866 699
515 3816 568 3866 eot.

209 3895 343 3968 ⁹)Reng.
363 3903 422 3954 999.
443 3903 503 3956 697.
523 3903 576 3955 698
596 3901 649 3955 eet.
682 3925 686 3932 ·

211 3985 232 4055 3)
251 3986 344 4057 Rang.
361 3991 421 4044 704.

210 4075 233 4145 ⁴)
254 4075 323 4131 Leb.
344 4081 378 4131 29
397 4076 449 4132 Νο.

210 4165 232 4233 ¹⁵)
251 4165 344 4236 Rang.
364 4171 424 4222 697.

209 4254 231 4323 ⁶)
251 4253 343 4325 Rang.
364 4260 425 4312 704.

210 4343 232 4412 7)
251 4343 320 4399 Leb.
341 4343 395 4401 No.
417 4352 439 4402 1.

104 4497 107 4502 Ι
210 4432 229 4502 ⁸)
248 4432 317 4488 Leb.
337 4435 406 4490 ibid.

208 4529 231 4598 υ)
251 4526 344 4597 Rang.
364 4527 417 4584 Nu.
437 4531 498 4588 704,
534 4526 608 4582 Bull.
629 4525 664 4580 rle
684 4543 756 4582 oorr.
778 4525 853 4582 Hell.
875 4523 925 4582 IX.
946 4529 1040 4596 (1885)
1059 4523 1123 4596 p.'1.
1144 4529 1203 4586 317.
