3048 4878
696 253 918 318 *22-

219 427 376 512 temporis
400 429 509 512 spatio
532 429 744 514 Aegosthena
767 433 963 514 praesertim
991 432 1058 498 sita
1085 431 1129 498 ad
1156 455 1246 499 mare
1269 427 1394 516 Halcy-

217 536 342 614 onium,
373 537 565 620 priusquam
588 537 726 621 Megara
753 538 876 604 foederi
900 540 1050 605 Achaico
1079 542 1257 606 accessisse
1285 546 1393 624 putat.

326 641 468 725 Aliquid
497 645 620 708 certius
653 644 694 708 de
723 650 872 728 tempore
895 646 1079 730 Euoliae¹)‚
1110 648 1199 730 regis
1222 647 1393 730 Mega-ren-

220 749 319 831 sium,
346 751 496 834 judicare
520 773 704 834 possumus.
751 751 838 816 Nam
862 753 960 817 titulo
984 759 1098 818 nostro
1122 753 1287 835 docemur,
1320 775 1392 819 curn

220 857 390 940 aequalem
407 857 569 922 Demetrii
587 858 796 922 Poliorcetae
820 859 931 922 fuisse.
978 858 1154 924 Laudatur
1170 859 1283 937 Oleon,
1308 860 1393 943 Ery-

222 963 370 1044 thraeus,
402 965 490 1048 quod
521 964 728 1030 Demetrium
758 965 1010 1054 Megarensibus
1038 967 1257 1032 conciliasset.
1304 965 1394 1031 Nam

218 1092 292 1136 cum
307 1071 489 1155 Munychia
507 1070 723 1150 obsideretur,
747 1071 937 1136 Demetrius
952 1071 1204 1154 Megarensibus
1221 1075 1392 1140 succurrit.

218 1184 251 1242 et
275 1178 440 1260 praesidio
464 1175 642 1242 Cassandri
666 1177 821 1261 expulso,
852 1177 1038 1243 libertatem
1067 1179 1227 1261 reddidit,
1259 1201 1325 1264 qua
1352 1181 1394 1244 de

218 1306 254 1348 re
278 1283 512 1370 Plutarchum)
538 1291 569 1348 et
593 1283 760 1349 Diodorus
784 1283 914 1349 Siculus
924 1285 950 1371 ὃ)
983 1285 1083 1350 verba
1110 1287 1246 1352 faciunt.
1293 1288 1394 1353 Anno
1514 1275 1515 1284 ¹

221 1395 284 1456 307
309 1391 500 1457 Demetrius
517 1391 670 1456 Athenas
694 1392 878 1474 occupavit,
903 1393 1017 1474 itaque
1042 1392 1120 1476 quin
1145 1395 1233 1458 circa
1255 1394 1395 1460 eundem

219 1519 338 1563 annum
354 1498 606 1582 Megarensibus
628 1498 776 1562 subsidio
792 1499 926 1578 venerit,
952 1521 1015 1562 non
1033 1506 1093 1580 est,
1119 1521 1178 1563 our
1193 1501 1394 1568 dubitemus

221 1605 357 1670 Duolias
382 1607 495 1689 igitur,
521 1627 585 1688 quo
616 1627 701 1670 anno
733 1605 765 1669 in
798 1606 996 1687 magistratu
1028 1605 1135 1685 fuerit,
1169 1607 1249 1672 satis
1280 1615 1395 1672 uotum

218 1719 276 1778 est.
324 1713 417 1776 Idem
441 1712 535 1777 nobis
564 1713 708 1776 occurrit
738 1711 769 1776 in
802 1712 901 1777 titulo
911 1711 949 1798 ⁴),
981 1735 1046 1797 quo
1069 1712 1148 1796 Myi,
1178 1714 1304 1794 Dresia
1335 1714 1395 1778 uni

218 1819 359 1884 fortasse
383 1840 578 1884 annumero
602 1821 781 1884 amicorum
804 1818 979 1899 Demetrii,
1008 1821 1175 1903 proxenia,
1199 1841 1284 1904 quae
1300 1843 1395 1886 voca-

217 1932 281 2004 tur,
308 1925 456 2009 contigit.
995 1970 1000 1978 -

324 2032 396 2097 Alii
430 2055 522 2116 reges
556 2031 735 2114 θεομαντος
762 2039 795 2096 et
814 2024 1060 2120 Ἀπολλόδωρος,
1089 2035 1146 2118 qui
1177 2034 1273 2112 nobis
1304 2035 1396 2098 iuno·
1514 2071 1515 2080 κ

218 2146 365 2219 tuerunt,
391 2148 424 2204 et
452 2131 591 2216 Εὐκλλος
621 2159 824 2203 successores
856 2177 900 2186 -—
927 2161 992 2222 quo
1023 2140 1139 2204 ordine
1170 2141 1294 2206 suerint
1315 2143 1393 2210 ¹erui

217 2267 280 2311 uon
304 2253 414 2329 potest
439 2285 478 2294 -
504 2246 695 2311 muneribus
716 2247 819 2310 functi
839 2254 928 2325 sunt3
953 2247 1041 2330 quod
1058 2247 1155 2312 facile
1172 2247 1393 2312 demonstrari

218 2361 336 2437 potest.
384 2353 504 2418 Liceat
527 2354 607 2417 mibi
631 2353 848 2436 magistratus
871 2353 977 2416 tribus
1001 2352 1108 2417 titulis
1131 2353 1306 2435 Megaricis
1335 2355 1391 2418 ad-

216 2463 365 2543 scriptos·
382 2459 510 2526 afferre.

591 2566 619 2630 Ι.
645 2563 802 2644 Βασιλεὺς
825 2557 1000 2649 Εὗκλλαςῠ)

379 2671 591 2762 ἐοτρατάγοοο
614 2683 755 2750 Φωκῑοος
778 2669 934 2750 Εὑάλκοο,
949 2664 1181 2758 Ἀριοτότιριος

379 2778 604 2866 Μενεκράτους,
630 2780 817 2867 Δαμοτέλης
842 2783 965 2860 Aonia,
993 2779 1135 2866 Θὲδωρος

378 2883 773 2973 montemmaranum
795 2883 933 2965 Ζεύξιος,
963 2890 1066 2966 Τίμων
1081 2879 1224 2972 Ἄγοίθω

377 3017 439 3072 νος,
463 2992 667 3080 γραμματεὺς
689 2993 806 3078 βουλος
828 2993 883 3056 καὶ
905 2990 945 3056 δά
969 3031 1011 3038 κ
1039 3031 1073 3040 ——

380 3125 443 3183 μου
466 3092 652 3178 Εὐπαλῖνος
674 3093 874 3186 Ὁμὸφρονος.

251 3209 299 3272 ΙΙ.
325 3207 482 3286 Βασιλεὺς
494 3205 703 3296 θοόμαπος“)
717 3204 928 3293 ἐστρατάγοοο
941 3216 1081 3285 conver
1092 3200 1392 3294 Eidtaoon'iotord-

327 3339 420 3397 τιμος
435 3314 661 3400 Mesembriacos,
686 3314 874 3400 Δαμοτέλης
890 3318 1013 3395 Acuta,
1041 3314 1183 3399 θέδωρος
1199 3313 1392 3400 ΙΙογχάρεος,

325 3419 501 3508 ΙΙρόθομος
532 3418 670 3500 Ζούξιος,
704 3424 808 3501 Τίμων
831 3411 1014 3505 Ἀγάθωνος
1043 3419 1247 3505 γραμματεὺς
1275 3422 1394 3504 βουλᾶς
1514 3391 1515 3452 i

326 3529 377 3592 aui
404 3526 506 3609 δάμοο
530 3531 662 3591 Πασίων
685 3531 873 3613 Δωροθέου.

220 3635 289 3700 III.
313 3629 565 3720 Ἑοι(ὶ)βοοιλέος
585 3625 824 3719 Ἄπολλοόώροο
858 3636 914 3695 τοί·
943 3622 1161 3717 adopertos-⁵)
1189 3631 1394 3720 γραμματεὺς

331 3803 351 3870 1)
371 3801 439 3853 nu».
460 3805 502 3853 οι.
540 3797 632 3868 sang.
653 3802 712 3852 oce.
734 3789 785 3878 ἐφ.
802 3783 869 3877 dg.
893 3802 969 3853 133‘2.

327 3889 349 3959 ῃ)
368 3889 444 3943 Plut.
465 3888 591 3942 Demetr.
612 3905 635 3942 o.
655 3893 680 3942 9,

327 3980 350 4048 ⁸)
369 3978 453 4032 Diod.
474 3978 528 4032 Sic.
548 3975 613 4042 XX,
633 3982 675 4030 co.

326 4070 353 4144 ⁴)
372 4069 441 4122 neu.
462 4074 504 4124 ou.
542 4067 634 4135 sang.
654 4070 714 4119 roo.
752 4056 803 4145 ἐφ.
827 4049 894 4145 dg.
916 4069 989 4118 13:34.
1028 4065 1107 4120 nou.
1128 4067 1203 4122 aen.
1229 4069 1287 4123 uer.
1315 4073 1392 4134 rara,

239 4201 244 4213 .
267 4165 325 4213 loo.

218 4179 236 4229 p
326 4249 348 4317 ὗ)
366 4247 437 4300 Lab.
457 4249 499 4299 33.
542 4244 633 4313 Rang.
655 4247 714 4297 700.
752 4235 804 4324 ε’φ.
826 4227 893 4322 ἆρχ.
914 4246 988 4296 1334.
1028 4243 1107 4297 Rosa.
1128 4245 1144 4298 l.
1166 4261 1188 4298 c.

327 4338 347 4405 ⁶)
367 4335 435 4389 Leb.
456 4337 522 4389 33a.
560 4333 654 4386 Gonae
673 4334 772 4402 philol.
796 4337 862 4387 18:39
882 4351 907 4400 p.
932 4337 988 4386 151.

327 4426 348 4495 ⁷)
369 4425 436 4478 nso.
457 4429 499 4478 34.
536 4421 628 4490 Rang.
647 4427 707 4476 aas.
745 4408 880 4502 ἑφ,·ᾰρχ,
899 4425 972 4475 ram,
1010 4420 1393 4476 Mitth.desd.aroh.1nst

217 4533 253 4568 zu
271 4514 369 4567 Athen
389 4513 464 4568 VIII
486 4516 544 4569 138.
564 4531 591 4582 p.
