3048 4878
612 284 653 294 ..
702 244 833 312 315.u

139 417 300 507 Megarici
328 424 469 491 coniecti
493 433 586 507 sunt,
622 424 892 510 gymnasiarohus
923 421 1139 510 magistratus
1167 432 1240 492 erat
1262 431 1311 492 at·

140 552 203 614 que
222 533 359 616 juvenes
383 555 480 600 curae
503 532 568 600 sibi
591 533 744 608 habebat.
791 529 880 598 Nam
903 534 937 598 in
968 533 1096 600 duobus
1121 533 1311 619 catalogis¹)

74 703 76 706 .
140 639 339 724 epheborum
370 640 614 724 gymnasiarohi
641 662 707 704 non
735 640 862 706 desunt.
909 637 1031 708 Officia
1060 662 1160 706 unum
1191 663 1312 707 aunum

139 747 348 829 praestitisse
371 748 538 828 videntur,
571 747 605 812 id
629 747 717 830 quod
741 745 868 831 titu102)
892 746 1034 831 quodam
1058 747 1311 813 demonstratur.

139 853 256 936 Neque
280 862 378 934 erret,
403 855 459 937 qui
492 853 684 932 contendat.-
705 875 840 919 munere
863 854 921 918 illo
938 854 1312 938 gymnasiarchismag·

138 982 214 1024 nam
242 962 412 1043 inpensam
447 983 485 1027 ac
519 968 685 1045 sumptum
721 960 873 1025 facienda
909 961 1020 1026 fuisse.
1067 961 1132 1027 Sed
1163 961 1250 1044 quod
1278 962 1312 1025 in

139 1067 237 1130 titulo
268 1068 326 1132 illo
358 1069 641 1152 gymnasiarchus,
674 1069 730 1150 qui
763 1090 802 1132 ex
826 1090 884 1133 suo
909 1077 1074 1150 sumptum
1098 1068 1311 1152 praestiterit,

140 1173 330 1255 honoratur,
356 1176 543 1240 testimonio
561 1181 620 1255 est,
646 1174 974 1260 gymnasiarchorum
997 1197 1061 1240 non
1075 1173 1176 1239 fuisse
1201 1176 1311 1243 eadem

140 1280 340 1346 liberalitate
363 1283 422 1347 uti.

616 1459 673 1526 De
691 1460 834 1545 judice.

209 1657 214 1663 ,
247 1585 282 1652 Si
307 1585 485 1669 quidquam
509 1586 597 1668 apud
621 1586 831 1668 Megarenses
860 1587 962 1650 risum
986 1607 1114 1652 movere
1138 1593 1246 1670 potest
1270 1625 1313 1634 -

141 1693 268 1757 vanitas
293 1699 357 1772 eat,
389 1714 455 1775 qua
484 1693 564 1757 elati
589 1693 657 1759 fere
681 1693 803 1757 uemini
827 1694 992 1757 civitatem
1023 1694 1196 1774 dederunt3
1233 1696 1312 1778 quin

141 1799 255 1881 etiam,
289 1821 362 1865 cum
381 1798 573 1864 Alexander
584 1797 726 1883 Magnus
750 1800 884 1865 ciuitate
900 1801 1040 1865 donatus
1064 1801 1212 1865 deridere
1227 1801 1313 1866 vide-

140 1911 246 1986 retur,
283 1906 422 1990 gloriari
459 1907 532 1973 ausi
566 1914 655 1988 sunt,
689 1908 808 1972 neurini
842 1907 948 1972 adhuc
975 1914 1108 1990 praeter
1134 1906 1313 1973 Herculem

140 2011 360 2099 contigisse3)3
393 2015 467 2096 quis
491 2014 595 2097 igitur
610 2015 757 2094 miretur,
783 2014 869 2096 quod
894 2036 1020 2078 summa
1044 2037 1114 2078 eum
1140 2013 1314 2098 diligentia

140 2125 309 2200 caverunt,
339 2122 474 2202 nequis
499 2121 652 2204 indignus
678 2123 763 2185 inter
786 2123 872 2184 cives
897 2143 930 2185 se
955 2123 1145 2185 insinuaret.
1193 2121 1313 2205 Itaque

143 2225 171 2287 si
199 2226 301 2290 titulo‘
330 2224 509 2312 euidamf)
546 2249 611 2312 quo
639 2229 755 2311 ephebi
787 2229 1005 2312 recipiuntur,
1040 2227 1161 2310 judicis
1196 2249 1312 2292 nomeu
1390 2223 1399 2238 ⁸

143 2333 382 2417 praescriptum
406 2335 562 2415 videmus
587 2336 722 2400 dubium
745 2343 893 2414 nonest,
918 2335 998 2427 quin
1018 2335 1119 2418 judex
1143 2335 1176 2398 iu
1202 2334 1262 2398 hac
1277 2357 1312 2398 re

144 2448 323 2523 occupatus
359 2440 469 2506 fuerit.
516 2441 643 2526 Nempe
678 2450 713 2506 ut
749 2443 788 2506 de
822 2444 1010 2524 receptione
1045 2448 1145 2524 atque
1181 2444 1313 2506 civitate

137 2545 311 2628 judiearet.

367 2818 402 2885 O.
427 2818 479 2884 De
501 2819 772 2908 magistratibus
795 2819 1085 2894 sacerdotalibus.

249 2955 355 3041 Qrtam
383 2958 464 3026 bene
488 2959 609 3026 Graeci
639 2963 763 3045 pietate
788 2963 911 3026 inducti
944 2962 1079 3027 deorum
1103 2963 1207 3026 cultui
1239 2984 1312 3028 oon·

142 3065 318 3146 suluerint,
344 3068 531 3133 testimonio
567 3075 632 3149 est,
664 3069 752 3152 quod
787 3090 925 3152 magnus
959 3090 1113 3134 numerus
1141 3070 1312 3153 magistra·

141 3173 514 3239 tuum‘sacerdotalium
527 3177 773 3242 instituebatur.
822 3176 923 3240 Initio
947 3176 1079 3258 quidem
1104 3183 1235 3258 praeter
1262 3198 1311 3241 sa·

141 3281 303 3360 cerdoteS,
336 3283 394 3363 qui
418 3283 521 3348 uultui
547 3282 749 3364 singulorum
773 3283 905 3346 deorum
921 3287 1109 3365 praeerunt,
1139 3283 1210 3364 regi
1234 3304 1313 3348 cura

141 3385 244 3451 fuisse
277 3388 419 3469 videtur;
448 3390 504 3455 sed
536 3411 609 3454 oum
641 3390 748 3454 cultus
777 3398 810 3454 et
841 3389 1085 3472 magnificentia
1113 3398 1145 3453 et
1169 3390 1313 3454 varietas

142 3501 328 3578 augeretur,
355 3498 537 3580 complures
560 3519 695 3562 munera
720 3499 804 3564 iuter
825 3519 862 3560 se
882 3497 998 3578 partiti
1022 3504 1111 3570 suut3
1137 3504 1313 3561 occurrunt

142 3603 226 3666 enim
259 3603 326 3668 iere
362 3603 485 3688 ubique
520 3606 650 3669 urbium
675 3603 877 3670 Graecarum
913 3601 1176 3690 iepopvqporegfi)
1201 3601 1314 3685 ἐπιμε-

140 3709 241 3796 ληταί,
274 3709 425 3796 νεοκόροι,
458 3713 624 3790 υαοποιοὶ,
659 3711 726 3776 alii.
773 3709 836 3775 Sed
861 3710 948 3792 apud
971 3709 1182 3791 Megarenses
1207 3709 1312 3780 solum

141 3815 181 3880 de
205 3816 525 3885 hieromnemonibus
549 3818 676 3902 aliquid
700 3822 900 3899 compertum
925 3816 1092 3886 hahemus.

261 4067 272 4134 )
292 4065 344 4120 nu.
365 4070 421 4122 erc
440 4071 506 4123 ece.

293 4196 369 4302 Plut.
394 4198 470 4328 iropi
492 4243 665 4325 μοναρχίας
686 4231 746 4303 cuii
774 4243 885 4314 (Moral.
906 4243 956 4298 IV.
977 4245 1012 4297 ed
1024 4243 1190 4314 ‘wynbchu

251 4427 274 4495 ³)
293 4425 337 4478 De
363 4426 406 4478 his
435 4426 548 4495 scripsit
573 4423 719 4478 Letronue
748 4425 866 4477 histoire
895 4429 924 4476 et
948 4425 1097 4478 memoires
1125 4426 1160 4479 de
1179 4424 1314 4479 l'inntitut

275 4514 569 4584 1ιὀγαῑᾶεΕήηοθ,
589 4514 667 4570 acad.
688 4515 737 4568 des
756 4533 792 4570 so.
814 4513 844 4568 Τ.
867 4513 916 4568 VI.
938 4517 1014 4568 1822.
