3048 4878
701 250 921 316 ,πμ

566 429 620 494 Dc
643 429 1036 496 hieromnemonibus.

323 556 369 621 Hi
394 556 611 640 magistratus
628 557 661 620 in
685 556 767 622 urbe
789 555 936 639 Megaris
960 554 1147 620 sacerdotes
1171 551 1316 640 Neptuni
1342 553 1393 618 fu·

216 671 321 729 erunt.
369 661 456 728 Nam
487 662 717 748 Plutarchus)
743 663 861 742 tradit,
894 683 949 728 eos
973 663 1063 746 pisce
1086 663 1175 726 vesci
1199 662 1318 726 vetitos
1343 660 1393 726 sn·

217 774 295 852 isse;
320 773 377 855 qui
402 793 475 835 cum
502 773 586 834 inter
599 771 787 834 sacerdotes
800 769 947 853 Neptuni
972 769 1033 834 soli
1046 777 1221 853 praecepto
1238 769 1391 834 adstricti

216 900 285 942 esse
310 878 477 956 uidentur,
510 878 672 961 suspicari
706 877 800 958 licet,
835 899 889 941 eos
925 897 1067 942 summos
1096 883 1196 960 atque
1223 877 1392 942 artissima

217 985 457 1050 necessitudine
493 1006 566 1049 cum
590 984 737 1067 Neptuni
770 985 873 1048 sacris
905 985 1094 1067 conjunctos
1126 983 1246 1064 fuisse3
1278 1005 1392 1048 verum

218 1101 329 1158 tamen
352 1092 501 1176 Neptuni
525 1092 635 1157 cultus
659 1092 746 1174 apud
770 1092 982 1174 Megarenses
1006 1091 1102 1156 valde
1126 1091 1247 1172 floruit,
1279 1099 1392 1156 tamen

216 1199 374 1265 credibile
398 1221 463 1264 nou
487 1206 551 1265 est.
579 1199 879 1264 hieromnemonum
903 1198 1014 1264 officia
1029 1199 1122 1264 nulla
1137 1198 1239 1263 fuisse
1256 1205 1392 1282 praeter

216 1327 383 1372 sacrorum
414 1306 547 1371 illorum
576 1306 900 1372 administrationem.
951 1305 1104 1389 Namque
1134 1307 1242 1390 ipsum
1273 1326 1391 1369 nomen

216 1413 358 1494 indicat,
388 1435 443 1478 eos
466 1434 530 1477 non
555 1411 743 1478 sacerdotes
766 1413 883 1492 fuisse,
915 1413 971 1477 sed
1003 1414 1237 1496 magistratus,
1268 1412 1390 1494 quibus

216 1527 337 1600 tamen,
362 1527 399 1584 ut
422 1519 670 1586 Lacedaemone
694 1520 834 1602 regibus,
859 1521 959 1584 etiam
984 1527 1110 1584 certum
1134 1519 1261 1602 aliquid
1282 1539 1390 1584 sacer·

216 1627 341 1692 dotium
365 1627 557 1692 mandatum
582 1633 664 1694 erat.
719 1626 802 1692 Illos
834 1627 937 1710 igitur
968 1627 1069 1692 fuisse
1100 1625 1247 1691 arbitror
1278 1663 1318 1674 -ν
1351 1633 1391 1690 ut

215 1755 350 1798 munera
373 1755 485 1798 eorum
509 1755 703 1812 enumerem,
728 1741 898 1798 curatores
923 1734 1080 1798 tabularii
1104 1735 1189 1798 sacri
1218 1771 1256 1780 -ν
1287 1731 1319 1797 ἐν
1341 1737 1390 1818 api

216 1839 370 1927 iocandum
392 1845 528 1926 ταμιείῳ
552 1841 686 1923 praebet
709 1841 826 1906 titulus
835 1839 861 1923 ⁴²)
886 1880 924 1887 --
952 1841 1041 1906 velut
1063 1846 1177 1922 ταμίαι
1203 1845 1267 1904 τῶν
1297 1839 1393 1926 ἱερῶν

215 1948 304 2030 apud
327 1947 549 2012 Athenienses
573 1955 672 2030 atque
700 1947 945 2014 hieromnemon
974 1949 1061 2032 apud
1090 1947 1281 2033 Thasios⁸);
1311 1970 1389 2014 nam

215 2054 269 2118 hic
307 2055 485 2138 impensam
525 2055 658 2119 decreto
696 2054 863 2120 Minervae
906 2055 1057 2120 dedicato
1096 2056 1204 2120 facere
1243 2056 1389 2140 jubetur.

127 2217 133 2227 .
216 2158 343 2243 Quodsi
367 2161 524 2244 Polybius
534 2159 560 2246 ⁴)
585 2159 698 2227 affert:
724 2160 779 2226 ἐπὶ
804 2161 960 2240 cooevos
984 2166 1040 2226 τοῦ
1060 2163 1301 2249 Καλλιγείτονος
1320 2161 1390 2248 ispo

214 2272 449 2356 μνημονοῦνιος
484 2267 516 2334 ἐν
549 2267 721 2354 Βυζαντίῳ,
758 2291 822 2334 non
853 2270 988 2334 dubium
1020 2277 1081 2350 est,
1113 2271 1193 2353 quin
1225 2292 1388 2336 summum

218 2375 325 2439 locum
349 2376 436 2439 inter
452 2377 667 2459 magistratus
684 2376 905 2441 sacerdotales
922 2376 1103 2442 obtinuerit
1119 2398 1224 2460 neque
1241 2398 1389 2458 unquam

215 2482 488 2547 hieromnemonis
523 2504 638 2548 nomen
662 2486 818 2548 omissum
841 2485 898 2564 sit,
929 2485 956 2546 si
987 2506 1072 2567 quae
1100 2485 1233 2549 decreta
1260 2485 1387 2548 cultum

215 2590 400 2672 attigerint.

498 2736 539 2800 l).
566 2738 616 2804 lle
640 2738 865 2804 curatoribus
889 2738 925 2803 ct
949 2737 1098 2805 theorls.

321 2857 510 2940 Curatores,
536 2861 598 2925 etsi
622 2882 642 2924 a
664 2862 787 2944 populo
812 2861 983 2926 constituti
1007 2883 1046 2926 ac
1069 2862 1259 2945 plerumque
1275 2867 1388 2945 gratu·

214 2965 261 3028 ito
285 2987 418 3030 munere
440 2967 544 3031 functi
561 2975 647 3048 sunt,
672 2989 692 3031 a
709 2969 960 3051 magistratibus
976 2959 1053 3033 sunt
1069 2968 1303 3052 distinguendi.
1350 2967 1388 3033 Si

214 3071 287 3154 quis
311 3082 460 3154 quaerat,
485 3075 564 3157 quid
589 3076 810 3140 intercesserit
834 3076 921 3140 inter
949 3096 1019 3155 eos,
1051 3076 1149 3157 sciat,
1183 3097 1256 3142 cum
1284 3076 1388 3160 magi·

204 3165 340 3243 ¹stratus
364 3182 543 3247 secundum
567 3182 655 3265 leges
678 3205 771 3247 suam
794 3183 843 3247 rei
867 3182 1018 3265 publicae
1041 3189 1171 3266 partem
1187 3205 1244 3266 per
1261 3188 1387 3250 certum

214 3293 352 3369 tempus,
378 3288 464 3370 quod
486 3289 566 3354 item
582 3289 654 3372 lege
670 3289 839 3359 definitum
857 3296 939 3371 erat,
961 3289 1274 3370 administraverint,
1292 3311 1386 3354 cura·

214 3399 302 3457 tores
335 3394 378 3458 ad
408 3397 576 3477 negotium
611 3396 747 3478 aliquod
781 3396 946 3480 peculiare
983 3397 1051 3461 sive
1086 3397 1387 3463 extraordinarium

215 3501 281 3564 sive
305 3501 406 3565 certis
430 3502 634 3586 temporibus
657 3505 833 3586 repetitum
859 3495 928 3568 esse
956 3505 1149 3569 nominatos.
1196 3503 1390 3570 Accurrnnt

217 3607 312 3672 nobis
335 3607 546 3692 Megarenses
569 3609 753 3697 προστάτης
776 3617 809 3675 et
832 3603 1046 3698 ἀγωνοθέτης,
1071 3611 1190 3694 quibus
1215 3633 1388 3676 accensen-

217 3713 276 3778 dos
299 3722 380 3796 quto
404 3717 535 3782 theores
560 3718 579 3783 i.
605 3739 632 3781 e,
657 3717 785 3800 legatos
809 3718 851 3782 ad
876 3718 945 3781 dies
962 3716 1063 3782 festos
1080 3718 1222 3783 aliarum
1240 3719 1385 3801 gentium

214 3828 247 3885 et
269 3821 312 3885 ad
329 3821 460 3886 urbium
476 3824 718 3890 foederatarum
734 3825 875 3889 concilia
891 3825 1019 3906 missos,
1045 3827 1166 3908 quippe
1182 3826 1239 3907 qui
1256 3825 1387 3890 honori·

215 3926 277 3992 fico
301 3930 434 4012 negotio
458 3931 613 3996 instructi
637 3952 808 4014 personam
833 3932 988 4012 civitatis,
1014 3938 1050 3996 ut
1073 3911 1121 3996 ita
1138 3932 1254 4010 dicam,
1280 3953 1387 4014 gesse·

213 4035 292 4116 rint,
319 4036 407 4101 velut
433 4039 594 4126 Πανέλλην
618 4043 651 4102 et
673 4029 871 4126 ἄμφικτύων.

214 4172 425 4180 ..ᾖ-..-

324 4230 341 4284 ¹!
361 4229 437 4286 Plut.
457 4249 576 4301 sympos.
598 4232 679 4287 VIII.
700 4237 724 4288 8.
744 4237 769 4288 4.
860 4261 862 4266 ·

322 4318 345 4387 ²)
366 4319 396 4372 C·
416 4319 443 4374 J.
464 4319 512 4374 Gr.
532 4320 555 4374 I.
577 4322 677 4376 1osob.

247 4457 249 4460 .
324 4409 344 4477 ²¹)
364 4408 395 4462 Ο.
414 4408 442 4462 J.
462 4409 510 4464 Gr.
531 4410 570 4464 II.
590 4415 621 4464 21
643 4415 685 4463 ssl.

322 4497 345 4568 ⁴)
365 4496 465 4567 Polyb.
485 4499 536 4553 IV.
557 4504 599 4566 52,
618 4504 643 4554 4.
