3048 4878
693 225 915 286 „12-

212 417 399 502 provinciae
424 417 574 503 Achnjse
599 419 756 502 adjuncta
780 439 849 482 esse
874 418 1004 482 videtur
1028 423 1060 482 et
1083 418 1190 501 magis
1214 417 1385 501 magisque

212 548 295 609 quae
325 527 394 590 eius
426 527 473 589 rei
501 527 655 608 publicae
684 528 816 610 propria
845 526 995 595 fuerunt.
1025 526 1270 590 evanescebant.
1316 526 1385 590 Me·

212 656 301 716 gara,
327 635 482 717 oppidum
530 632 699 698 Ciceronis
723 641 834 698 aetate
853 635 921 713 ¹vici
946 634 1095 717 simile¹).
1117 633 1260 716 Trojano
1285 634 1385 716 impe·

211 747 322 806 ratore
344 740 548 804 efflorescere
573 742 691 824 coepit,
716 743 802 824 quod
830 741 904 804 inde
929 741 1079 806 concludi
1097 747 1213 824 potest.
1240 741 1326 822 quod
1351 741 1384 804 in

212 849 377 913 Hadriani
395 849 547 912 honorem
566 871 680 912 nouam
699 850 831 914 tribum.
856 869 940 930 quae
958 841 1383 934 vorabaturildomm'dcfl).

212 957 398 1020 institutam
424 975 493 1019 esse
518 958 712 1039 accepimus.

181 1139 184 1150 ¹
319 1065 476 1145 Exposui,
492 1064 577 1144 quod
593 1064 632 1126 de
648 1065 743 1126 rebus
757 1087 775 1126 a
787 1064 1037 1146 Megarensibus
1052 1064 1154 1144 gestis
1168 1062 1383 1126 enarrandum

212 1181 292 1238 erat.
319 1171 473 1234 brevitati
499 1171 604 1250 magis
629 1171 761 1232 studens
785 1193 881 1253 quam
904 1170 1027 1234 tiumini
1051 1171 1219 1234 orationis,
1266 1168 1384 1233 Totam

213 1287 321 1344 antem
346 1279 429 1342 hanc
453 1280 691 1341 enarrationem
717 1279 869 1341 omittere
894 1299 956 1342 non
981 1277 1118 1350 licebat,
1151 1277 1238 1360 quod
1268 1277 1308 1340 ad
1338 1278 1385 1341 in·

212 1388 330 1450 stituta
354 1386 592 1467 Megarensium
618 1386 699 1448 bene
725 1385 946 1467 pernoscenda
973 1385 1043 1447 fieri
1068 1405 1132 1447 non
1156 1385 1273 1466 potnit.
1304 1385 1383 1466 quin

211 1515 321 1556 rerum
346 1501 513 1574 gestarum
539 1515 669 1574 quoqne
693 1492 801 1555 brevis
827 1492 1003 1556 arideretur
1026 1491 1201 1556 indiculus.

319 1599 490 1688 Nuncj'ad
524 1601 571 1668 id.
616 1601 701 1682 qnod
737 1603 795 1662 toti
830 1600 1056 1662 dissertationi
1086 1601 1290 1682 propositum
1324 1606 1384 1678 est,

213 1708 438 1790 explicandum
464 1709 603 1771 transire
627 1709 659 1770 in
685 1708 792 1770 animo
816 1715 874 1769 est.

324 1904 343 1965 ¹)
363 1902 475 1973 Oimad
496 1902 560 1954 iam.
583 1901 632 1954 lv.
653 1909 677 1956 o,
697 1906 721 1954 t.

321 1991 344 2054 2)
365 1992 394 2050 Γ,
415 1991 442 2042 J.
464 1991 513 2042 (ir.
535 1991 555 2042 Ι.
580 1995 652 2043 lut-3.
