3048 4878
669 230 889 293 „38-

597 405 651 470 De
674 407 959 492 amphictyone.

298 511 392 580 Inter
415 535 536 594 omues,
560 537 644 600 quae
669 516 892 591 innotuerunt,
918 517 1181 600 amphictyonias
1202 515 1370 582 nobilissi-

193 645 279 688 mam
304 621 404 686 fuisse
428 621 625 704 Delphicam
649 622 733 688 iuter
756 645 867 688 omues
893 629 1036 697 constat,
1070 625 1162 691 cuius
1192 633 1371 690 conuentus

193 731 423 794 indicebantur
452 737 483 792 et
511 729 554 794 ad
582 729 739 811 templum
769 729 968 812 Delphicum
996 730 1164 814 Apollinis
1193 731 1306 814 Pythii
1336 741 1372 796 et

196 836 238 900 ad
273 837 385 902 aedem
415 835 546 902 Cereris
581 858 683 918 prope
720 835 979 919 Thermophylas
1016 827 1122 904 sitam.
1181 839 1231 902 Do
1267 841 1372 921 igitur

198 944 389 1008 alternatim
422 966 494 1008 vere
528 951 560 1006 et
588 950 762 1008 ametunuio
791 943 994 1010 Graecorum
1029 946 1131 1028 legati
1169 967 1204 1009 se
1236 967 1371 1028 cougre-

203 1052 326 1135 gabaut
351 1051 553 1116 deliberandi
585 1071 694 1115 caiisa.
743 1051 789 1116 Ut
819 1052 1095 1133 praetermittam,
1126 1057 1286 1134 quantum
1315 1075 1370 1116 va-

195 1159 317 1222 luerint
348 1158 609 1240 amphictyoniae
637 1158 679 1220 ad
706 1180 759 1222 res
788 1156 1003 1236 Graecorum,
1038 1182 1122 1240 quae
1155 1159 1241 1223 bella
1272 1182 1371 1224 sacra

198 1265 425 1330 conflaveriut.
459 1272 589 1329 transeo
615 1266 726 1328 statim
755 1265 795 1328 ad
820 1265 968 1348 Augusti
997 1265 1168 1346 aetatem,
1191 1289 1256 1348 qua
1287 1269 1370 1331 rati-

196 1395 271 1438 ones
306 1373 446 1436 foederis
481 1372 678 1435 sitiretisshni
711 1373 750 1434 de
783 1374 910 1454 integro
944 1381 1020 1437 sunt
1052 1374 1234 1437 ordinatae.
1281 1374 1370 1438 Pau-

193 1481 332 1563 sanias¹)
357 1502 415 1543 nos
439 1480 478 1542 de
502 1480 655 1560 gentibus
687 1479 864 1544 foederatis
897 1503 1072 1562 earumque
1104 1479 1268 1563 suffragiis
1301 1503 1370 1545 cer-

195 1589 294 1651 tiores
308 1587 388 1650 iacit
414 1586 819 1668 .Magueteseni1n.Malii.
836 1586 1014 1667 Aenianes,
1033 1588 1172 1666 Achaei,
1189 1588 1369 1652 Phthiotae

193 1691 385 1777 suffragium
411 1716 482 1758 eum
507 1691 674 1756 Thessalis
698 1694 858 1772 ferebant,
883 1694 1051 1777 Dolopum
1075 1703 1188 1778 [irrrtes
1214 1695 1369 1776 explebat

193 1802 271 1864 urbs
307 1801 479 1884 Nicopolis
515 1801 556 1863 ab
593 1801 748 1883 Augusto
791 1802 823 1864 in
857 1801 1051 1866 Acarnania
1087 1803 1240 1870 condita:
1280 1803 1370 1884 quod

194 1910 312 1974 attinet
341 1909 382 1972 ad
408 1907 675 1990 amphictycnuni
703 1907 848 1989 legatos,
873 1908 1061 1974 Pausaniae
1093 1917 1203 1972 aetate
1231 1909 1370 1992 triginta

196 2015 345 2092 suerunt3
368 2036 462 2077 senos
479 2013 660 2095 Nicopolis,
678 2013 881 2087 Macedonia,
899 2014 1088 2098 Thessaliam
1106 2015 1200 2079 binos
1217 2015 1368 2096 Boeotia,

193 2123 326 2200 Phocis,
352 2120 489 2204 Delphi,
527 2121 672 2202 singulos
697 2121 798 2184 Doris
823 2122 862 2185 ad
888 2121 1088 2186 Parnassum
1117 2129 1258 2186 montem
1290 2125 1367 2204 sita,

195 2229 312 2293 Locris
337 2227 529 2306 Ozolarum,
563 2227 679 2292 Locris
704 2229 1020 2310 Epicnemidiorum,
1045 2230 1197 2304 Euboea,
1230 2230 1370 2312 Megara

194 2360 267 2401 cuni
295 2335 466 2401 Corintho.
499 2334 613 2416 Argis,
639 2333 780 2418 Sicyone
804 2337 992 2418 conjuncta,
1018 2336 1173 2401 Athenae
1197 2339 1367 2402 miseruut.

196 2444 326 2525 Delphi,
351 2441 532 2524 Nicopolis,
558 2439 713 2504 Athenae
738 2443 889 2507 civitates
913 2445 954 2507 ad
979 2446 1088 2508 omnia
1112 2445 1253 2507 concilia
1283 2443 1370 2507 dele-

195 2555 311 2634 gerunt
334 2550 475 2630 legatos
510 2553 637 2612 ceterae
668 2557 779 2613 autem
810 2556 923 2631 gentes
959 2551 1005 2613 ita
1037 2558 1187 2632 egerunt,
1219 2557 1255 2613 ut
1278 2557 1370 2614 certo

199 2658 312 2720 ordine
344 2657 459 2720 civitas
484 2655 727 2734 destinaretur,
752 2678 835 2737 quae
861 2658 945 2722 vices
969 2657 1110 2722 aliarum
1138 2657 1253 2720 obiret.
1301 2656 1370 2720 Ita-

198 2785 261 2846 que
286 2763 314 2826 si
337 2763 541 2843 Megareusis
566 2762 774 2845 amphictyon
799 2763 893 2827 nolus
917 2763 980 2828 hac
1011 2770 1120 2830 aetate
1142 2762 1310 2839 occurrit,
1340 2763 1369 2827 is

198 2877 248 2934 est
272 2870 328 2951 qui
352 2892 372 2932 a
388 2869 648 2950 Megarensibus,
666 2869 837 2952 Sicyoniis.
857 2869 1041 2934 Corinthiis
1058 2871 1252 2936 mittebatur
1269 2877 1369 2950 atque

194 2979 262 3060 jam
287 2977 386 3040 tertio
411 2975 511 3040 luisse
535 2975 777 3057 Megarensium
802 2977 1063 3060 amphictyouem
1091 2976 1247 3040 Proclum
1271 2975 1370 3040 titulo

195 3085 453 3165 demonstratur,
478 3083 534 3163 qui
559 3082 799 3164 amphictyonis
823 3084 926 3148 honos
951 3083 1038 3148 haud
1069 3085 1136 3147 scio
1161 3105 1202 3146 au
1231 3082 1369 3146 homini-

176 3185 256 3254 bus
281 3191 314 3254 iu
342 3211 377 3254 re
405 3189 538 3271 publica
568 3212 694 3254 summa
727 3191 926 3256 auctoritate
958 3189 1152 3257 florentibus
1182 3195 1369 3253 reservatus

196 3299 310 3371 t'uerit3
336 3319 411 3360 nam
436 3294 670 3380 Plutarchus²l
695 3318 826 3378 quoque
850 3297 1087 3380 amphictyonis
1104 3297 1258 3360 honorem
1283 3297 1369 3360 inter

195 3425 337 3467 suuunos
369 3400 554 3483 dignitatis
575 3401 699 3482 gradus
731 3411 892 3474 recenset
932 3411 1033 3486 atque
1073 3403 1122 3465 vir
1154 3401 1369 3485 Plroconsis3)

195 3511 365 3591 gloriatur,
393 3530 426 3572 se
450 3509 512 3574 hoc
536 3530 669 3572 munere
692 3509 831 3592 aliisque
857 3509 1006 3574 functum
1031 3531 1109 3574 esse.

694 3777 772 3860 (lap.
797 3777 869 3842 111.

613 3921 662 4000 Be
691 3940 731 3998 rc
754 3921 961 4019 judiciaria.

303 4061 370 4126 Res
393 4061 567 4145 judiciaria
591 4068 679 4140 erat,
705 4062 758 4124 cui
782 4056 901 4143 magna
925 4082 1004 4125 eura
1028 4083 1047 4124 a
1072 4059 1370 4126 Graccisadhibe·

196 4169 313 4246 batur,
344 4168 473 4250 quade
502 4191 537 4232 re
562 4169 643 4232 sat-is
668 4176 792 4232 certam
817 4169 1034 4249 coguitionem
1059 4189 1131 4230 curm
1157 4168 1244 4249 apud
1269 4166 1370 4230 Lace-

306 4329 325 4395 ¹)
345 4299 427 4380 Paus.
449 4325 483 4380 X.
504 4331 529 4382 8.
549 4330 573 4381 l.
594 4331 617 4379 ἵ».

302 4417 323 4485 ⁵²)
343 4417 418 4468 Plut.
439 4435 475 4469 an
494 4417 554 4470 seni
573 4417 618 4469 sit.
639 4433 697 4484 ger.
719 4433 790 4483 resp.
812 4433 835 4468 c.
855 4419 879 4467 4.

300 4505 322 4578 ⁷³)
344 4505 394 4558 hh.
415 4507 476 4562 831.
