3048 4878
674 305 870 364 ..8-

190 489 323 544 nuntur.
379 479 437 546 Sui
466 497 576 545 autern
602 481 687 564 juris
717 480 873 563 oppidum
897 479 1212 562 Aegosthenitarum
1241 477 1363 540 factum

187 593 247 666 est,
273 609 337 670 qno
362 595 507 670 tempore
532 590 616 651 cives
641 609 675 650 se
699 586 741 650 ad
763 586 879 651 foedus
895 583 1080 650 Achaicum
1106 585 1362 668 applicaverant.

184 691 271 758 Nam
290 695 397 776 titulo,
412 717 508 778 quem
521 695 705 759 Foucartus
714 694 737 778 ¹)
755 694 863 776 spatio
881 695 967 757 inter
983 713 1084 757 annos
1100 691 1187 777 ‘²⁸⁰l5„
1204 690 1362 770 assignat,

184 823 299 866 nomen
323 803 409 885 regis
427 802 739 884 Aegosthenitarnm
755 800 902 865 additum
920 807 980 880 est,
1007 807 1107 882 atque
1124 798 1362 882 Apollodorus

98 927 101 934 ·
184 907 264 970 ciuis
288 907 507 990 Megarensis‚
540 907 582 972 ab
613 907 864 990 Aegosthenitis
896 907 1088 972 honoratur.
1135 906 1234 970 Hanc
1265 904 1363 968 liher-

189 1020 289 1078 tatem
324 1015 540 1098 Aegosthena
575 1015 637 1080 sibi
673 1036 859 1079 asservasse
895 1014 1057 1078 videntur.
1104 1013 1191 1078 Nam
1226 1011 1317 1076 tituli
1325 1007 1363 1095 q),

185 1121 241 1201 qui
273 1123 401 1187 exarati
437 1128 522 1188 sunt.
559 1143 623 1204 quo
659 1128 804 1204 tempore
829 1119 1089 1204 Aegosthenitae
1126 1119 1255 1184 loedere
1290 1139 1363 1183 cum

185 1226 321 1292 Boeotis
338 1229 415 1308 icto,
441 1251 553 1294 eornm
572 1228 744 1294 formulam
762 1228 955 1292 decernendi
972 1227 1185 1306 adhibebant,
1212 1225 1365 1290 exhibent

186 1334 361 1399 archontes
394 1342 426 1400 et
459 1335 660 1400 Boeotorum
689 1341 723 1399 et
755 1333 1084 1417 Aegosthenitarnm.
1138 1334 1263 1416 Pagae,
1296 1333 1365 1396 sive

187 1441 298 1506 dorice
328 1441 450 1525 Pagae,
480 1443 568 1526 apud
598 1441 709 1526 Steph.
735 1441 906 1526 Byzantl).
953 1445 1108 1527 παροίκια
1131 1444 1315 1526 Μεγαρέων,
1345 1463 1365 1503 a

186 1548 353 1638 Strabone
360 1547 388 1632 4)
420 1546 588 1636 φρούριον,
621 1571 641 1613 a
672 1549 852 1613 scholiasta
861 1547 888 1623 ⁵)
919 1547 1120 1632 Thucydidis
1145 1544 1312 1632 ἐμπόριον,
1342 1535 1365 1610 ¹a

185 1656 359 1720 Pausania
368 1655 395 1741 ⁴¹)
420 1654 516 1733 πόλις
540 1655 765 1739 appellantur3
791 1656 911 1738 quihus
936 1675 974 1720 ex
1011 1654 1149 1718 diversis
1178 1653 1366 1717 denomina-

190 1763 338 1828 tionibus
375 1761 569 1828 concludere
608 1763 700 1839 licet3
736 1761 847 1845 Pagus
886 1762 981 1826 initio
1015 1783 1138 1845 pagum
1160 1759 1368 1843 Megarorum

188 1869 299 1950 luisse,
326 1869 444 1935 deinde
469 1869 586 1934 florere
609 1871 754 1952 coepisse
778 1877 876 1951 atque
900 1870 952 1932 sui
973 1869 1057 1951 juris
1074 1869 1181 1932 factas
1197 1889 1283 1945 esse3
1308 1867 1366 1931 sed

186 1997 250 2058 quo
280 1984 425 2059 tempore
454 1978 516 2040 hae
546 1977 692 2042 rationes
725 1977 811 2040 inter
840 1975 979 2059 Megara
1016 1981 1047 2040 et
1074 1975 1185 2056 Pagae
1221 1978 1366 2038 mutatae

188 2083 262 2159 sint,
288 2082 416 2147 definiri
440 2104 505 2148 non
529 2089 648 2166 potest,
674 2083 872 2166 praesertim
895 2103 969 2146 cum
998 2082 1197 2164 scriptorum
1226 2081 1303 2145 libri
1334 2087 1367 2144 et

185 2189 278 2254 tituli
307 2211 418 2252 ansam
447 2211 511 2253 non
538 2189 718 2273 praebeant
746 2189 789 2253 ad
819 2187 1077 2272 dijudicandum.
1124 2187 1366 2270 Imperatorum

188 2303 295 2360 aetate
319 2295 474 2378 oppidum
498 2295 639 2360 liberum
668 2319 687 2359 a
710 2295 959 2378 Megarensibus
989 2293 1090 2359 fuisse
1124 2296 1260 2373 scimus;
1292 2317 1366 2360 uam

188 2401 370 2468 Commodo
395 2403 595 2486 imperatore
616 2403 669 2486 jus
694 2425 842 2467 nummos
867 2402 1007 2467 cudendi
1032 2399 1223 2486 exercuitl).

450 2580 500 2646 ne
525 2581 629 2647 rebus
652 2600 673 2646 a
697 2581 962 2662 Megarensibus
985 2581 1105 2662 gestis.

297 2705 514 2787 Megarenses
552 2727 625 2768 cum
662 2705 828 2769 civitatem
865 2705 1007 2769 mediam
1042 2704 1128 2768 inter
1152 2701 1302 2768 Athenas
1336 2707 1368 2766 et

188 2811 387 2877 Corinthum
423 2812 629 2895 interjectam
664 2812 838 2890 haherent,
879 2834 943 2876 non
979 2833 1107 2894 semper
1146 2833 1223 2876 suas
1257 2818 1368 2894 partes

189 2941 288 3002 agere
310 2925 499 3001 potuerunt,
525 2918 582 2983 sed
606 2918 801 3002 plerumque
818 2926 876 2983 aut
892 2919 989 2983 alteri
1006 2919 1138 2982 urbium
1155 2918 1368 3004 finitimarum

193 3024 333 3107 subjecti
350 3032 408 3088 aut
423 3031 539 3108 postea
554 3024 678 3089 foederi
695 3023 846 3089 Achaico
871 3026 920 3090 vel
935 3025 1093 3091 Boeotico
1118 3025 1240 3089 addicti
1266 3032 1367 3088 erant.
1421 3011 1426 3020 ¹

192 3131 344 3196 Dominis
369 3132 472 3214 igitur
495 3137 595 3214 atque
620 3133 715 3214 qnasi
739 3131 907 3196 tutoribus
930 3153 1087 3215 persaepe
1111 3133 1263 3212 mutatis,
1298 3131 1368 3194 lieri

172 3259 260 3312 *non
285 3239 406 3320 potuit,
431 3239 511 3320 quin
535 3238 737 3322 reipublicae
762 3245 869 3304 status
894 3238 1056 3302 interdum
1080 3245 1296 3319 everteretur,
1322 3240 1368 3302 in·

193 3346 313 3410 stituta
330 3344 463 3428 publica
479 3345 684 3426 tollerentur,
702 3366 787 3408 nova
802 3345 1062 3410 instituerentur.
1099 3342 1192 3426 Quae
1214 3345 1368 3427 quoniam

191 3451 234 3516 ad
258 3452 406 3535 singulas
424 3451 650 3516 institutiones
666 3452 846 3535 plurimum
861 3451 1043 3531 valuerunt,
1068 3473 1234 3534 nunquam
1250 3451 1368 3516 harum

192 3560 441 3624 conversionum
465 3559 626 3622 rationem
649 3559 729 3623 licet
752 3559 933 3642 neglegere.

298 3664 392 3748 Quae
426 3667 466 3730 de
502 3666 692 3748 primordiis
728 3666 873 3730 civitatis
902 3665 1143 3749 Megarensium
1179 3665 1366 3744 traduntur,

193 3772 276 3838 adeo
299 3773 333 3836 in
358 3771 488 3836 fabulas
512 3771 675 3852 abierunt,
701 3779 737 3837 nt
761 3773 841 3854 quid
866 3772 942 3837 falsi
965 3777 1137 3836 auctorum
1161 3771 1296 3835 levitate
1311 3771 1367 3834 ad-

300 4003 321 4071 ¹)
341 4002 410 4056 neb.
431 4001 484 4056 Nc.
506 4006 546 4054 12.

299 4091 321 4160 Ἠ)
341 4091 409 4145 Leb.
431 4095 455 4144 7.
476 4111 500 4146 a.
520 4095 546 4146 8.
565 4095 581 4145 9
602 4095 656 4144 oct.

300 4181 322 4248 ³)
342 4199 368 4248 p.
388 4184 449 4234 547.

297 4268 321 4337 ⁴)
341 4268 445 4321 Strabo
469 4267 540 4321 VIM
560 4286 587 4337 p.
608 4272 668 4332 380,
689 4267 733 4322 LX
753 4273 812 4334 400,

299 4357 322 4426 ⁶)
342 4357 428 4410 schol.
449 4357 472 4410 I.
495 4362 553 4412 103.

300 4447 322 4514 ⁸)
342 4445 425 4498 raus.
444 4445 460 4498 1
479 4449 547 4510 rao.
568 4448 591 4498 r.

300 4534 321 4604 ⁷)
339 4533 469 4588 Mionuet
487 4533 519 4588 H
537 4537 597 4589 335.
618 4536 678 4588 336.
