3048 4878
601 271 822 333 ,41-

111 471 194 515 men
218 449 380 533 quomodo
396 447 512 514 utilem
533 467 567 511 se
588 445 779 530 praebuerit
797 441 966 529 Agathou,
975 443 999 531 ¹)
1023 444 1169 512 Archiae
1193 445 1291 526 filius,

113 557 282 641 Argivus,
308 556 506 640 ignoramus.
551 553 727 618 Laudatur
751 553 846 634 enirn,
860 553 958 637 ¹qnod
982 545 1089 632 εὔνους
1111 554 1165 620 καὶ
1183 551 1293 642 χρήσι-

112 687 182 747 μος
211 667 271 728 τῶι
301 660 408 746 δόμων
439 662 549 742 luerit,
573 661 627 726 eui
649 659 749 725 titulo
765 659 986 744 subscriptam
1001 659 1148 726 videmus
1162 659 1292 745 praedi·

115 770 283 836 cationem
303 769 468 853 quandam
492 767 749 852 Megarensium:
774 759 865 846 ’ὁπως
887 763 1038 855 φα]νερὸν
1060 771 1093 853 ἓν
1114 759 1166 832 tn
1188 759 1206 833 ὁ
1236 767 1293 832 ὀᾶ-

115 901 184 961 μος
223 876 409 967 Μεγα[ρέων
449 873 541 964 uper}
579 871 653 953 τὸύς
688 866 855 960 (pilaeve)
891 873 945 938 καὶ
976 878 1150 962 χρησίμους
1182 866 1292 940 αὐτῶν.

116 984 245 1050 Mirum
268 990 327 1065 est,
352 982 440 1065 quod
456 983 673 1065 magistratus
689 981 879 1047 muneribus
903 981 985 1048 bene
1000 981 1103 1048 suncti
1127 1003 1293 1065 uunquam

118 1090 213 1174 digni
236 1089 454 1170 habebantur,
479 1089 537 1172 qui
560 1086 751 1154 laudatione
773 1087 1023 1156 honorarentur.

592 1266 650 1332 De
674 1285 824 1333 corona.

223 1392 359 1460 Corona
383 1394 553 1478 oleaginea
575 1414 664 1468 more
688 1389 890 1458 Graecorum
915 1392 1067 1458 solemnis
1098 1392 1205 1458 honor
1224 1391 1293 1456 Me·

120 1503 306 1585 gerensium
338 1501 439 1568 fuisse
466 1500 612 1581 videtur,
655 1499 696 1564 iis
723 1500 781 1582 qui
807 1499 896 1564 ludis
924 1499 1079 1564 vicerant.
1126 1499 1292 1565 Discimns

121 1610 248 1674 enimc
273 1609 408 1675 scholiis
437 1609 480 1674 ad
502 1607 713 1673 Theocritum
742 1605 916 1691 scriptisff)
952 1628 1025 1672 eum
1053 1607 1110 1690 qui
1137 1605 1292 1685 inludis,

122 1716 179 1797 qui
204 1715 408 1781 vocabantur
429 1714 590 1792 Διοκλεῑα,
614 1714 787 1780 victoriam
810 1719 1020 1796 reportasset,
1044 1719 1234 1780 coronatum
1250 1713 1292 1779 ad

126 1827 264 1886 matrem
287 1822 436 1889 rediisse.
483 1819 639 1887 Ceterum
662 1841 783 1885 corona
810 1821 844 1885 in
867 1843 932 1885 uno
962 1820 1061 1886 titulo
1091 1820 1293 1905 Megariml)

122 1935 404 1994 commemoratur.
451 1927 699 2012 Aegosthenitis
723 1926 808 1992 euim
836 1927 1094 2010 proponentibus
1121 1927 1293 2012 Megaren-

122 2057 174 2100 ses
197 2036 409 2101 decreverunt
432 2034 538 2112 Zoilo,
568 2035 625 2118 qui
649 2033 825 2117 praesidiis
849 2057 869 2098 a
891 2033 1061 2100 Demetrio
1084 2034 1293 2100 Policorceta

124 2142 347 2226 Aegostheuis
379 2141 549 2208 collocatis
580 2141 738 2226 praefuit,
769 2153 903 2208 auream
932 2164 1085 2208 coronam
1115 2141 1292 2227 imponere.

120 2248 203 2314 Alio
234 2248 306 2314 loco
338 2249 378 2314 de
402 2269 524 2314 corona
546 2249 838 2332 aMegarensibus
865 2248 954 2330 data,
979 2250 1205 2334 comperimus.
1239 2249 1293 2314 Elx

123 2355 224 2422 titulo
232 2353 261 2442 ⁴)
294 2357 379 2422 euim
410 2356 443 2420 in
474 2353 603 2420 Troade
635 2357 766 2421 invento
798 2356 918 2437 elucet,
957 2356 1102 2422 Eumene
1136 2363 1292 2442 regnante

121 2461 359 2544 Cassandrum,
384 2462 569 2528 Menesthei
593 2461 695 2528 filium
719 2469 819 2546 atque
844 2461 1046 2546 praefectum
1070 2463 1221 2546 Aeginae
1245 2463 1292 2528 iu·

120 2570 213 2635 sulae
248 2571 377 2636 coronis
413 2570 553 2652 aliisque
586 2570 715 2654 magnis
750 2570 929 2635 honoribus
963 2569 1116 2636 affectum
1151 2591 1219 2636 esse
1249 2571 1291 2636 ab

120 2677 233 2742 multis
256 2677 421 2762 gentibus,
446 2677 532 2742 inter
555 2697 638 2759 quas
654 2677 865 2760 Megarenses
889 2698 1042 2742 coronam
1063 2699 1134 2742 esse
1150 2677 1293 2744 dandam

121 2785 373 2866 constituerunt,
407 2777 427 2872 ἡ
458 2783 554 2863 πόλις
588 2789 758 2871 Μεγαρέων
787 2783 909 2873 δάφνης
941 2784 1091 2880 trasericust
1120 2783 1209 2873 παρὰ
1236 2790 1293 2850 τοῦ

110 2882 308 2969 Ἀπόλλωνος
329 2894 387 2955 τοῦ
409 2894 466 2979 τῆς
497 2890 623 2970 πόλεως
655 2882 834 2979 ἀρχηγέτου.
889 2889 975 2956 Sane
1006 2913 1143 2974 magnus
1178 2891 1292 2972 honor,

120 2997 316 3080 praesertim
352 3018 424 3064 cum
460 3019 580 3063 corona
615 3019 655 3062 ex
683 2998 778 3062 lauro
801 2998 983 3081 Apollinea
1014 2999 1104 3064 lacta
1128 2999 1181 3064 sit.
1228 2987 1304 3064 Sed‘

122 3125 188 3187 quo
227 3105 359 3194 parcius
390 3104 599 3192 Megarenses
633 3104 810 3179 dederuut,
846 3127 883 3170 eo
918 3105 1075 3171 libentius
1106 3105 1236 3172 laudem
1260 3113 1294 3170 et

118 3232 275 3280 coronam
297 3233 448 3291 auream,
479 3211 599 3295 quihus
623 3209 832 3277 Orchomenii
842 3210 868 3294 l)
899 3213 1020 3296 populo
1048 3212 1294 3297 Megarensium

119 3323 153 3384 et
173 3317 342 3402 judicibus
361 3319 470 3384 missis
495 3326 527 3384 et
551 3319 744 3384 subseribae
768 3318 895 3401 gratias
912 3324 1058 3402 egerunt,
1084 3319 1292 3403 accipiendas

120 3447 193 3490 esse
218 3430 424 3508 putaverunt.

568 3603 624 3669 De
648 3605 842 3688 proxenia.

227 3725 334 3812 Quam
357 3728 425 3792 late
448 3728 510 3794 hoo
530 3727 813 3813 puhlicihospitii
835 3728 1021 3794 institutum
1046 3688 1134 3812 apud
1146 3726 1293 3797 Graecos

119 3834 281 3920 patuerit,
318 3841 506 3919 cognoscet,
546 3836 730 3920 quicunque
767 3835 903 3902 annales
934 3835 1089 3902 evolverit
1112 3836 1293 3920 titulosque

117 3941 382 4027 perlustraverit.

120 4079 334 4088 ——--·...--.

229 4165 250 4234 ι)
269 4164 361 4236 sang.
376 4167 436 4220 ceo.
457 4152 508 4245 up.
533 4147 602 4244 ἆρχ.
630 4169 705 4220 mar.

229 4253 252 4324 ²)
271 4255 358 4311 schol.
378 4254 414 4309 ad
434 4253 513 4322 idyll.
533 4252 600 4308 XII.
621 4259 663 4310 ⁸28.

231 4341 493 4414 ³)Mittheiungen
513 4341 562 4397 des
582 4344 657 4398 arch.
678 4343 748 4398 luat.
768 4364 802 4398 au
821 4345 919 4399 Athen
939 4343 1022 4400 VIII.
1042 4363 1069 4416 p.
1093 4348 1150 4402 183.

229 4431 253 4502 ⁴)
271 4429 479 4504 Dittenberger
497 4433 550 4502 syll
578 4431 665 4488 INo.
685 4437 745 4487 211.
765 4452 792 4503 p.
812 4437 873 4490 320.

228 4519 252 4596 ὓ)
271 4517 363 4594 Rang.
385 4523 443 4577 703.
463 4519 532 4578 Keil
551 4522 612 4602 syll.
632 4539 659 4596 p.
682 4526 722 4578 18.
948 4523 949 4530 '
