3048 4878
672 205 893 270 ..μ--4

667 381 726 448 Ι)ο
750 381 902 465 populo.

310 499 327 572 ὁ
351 508 462 590 δᾶμος,
486 508 579 573 cuius
604 509 637 572 in
660 506 768 572 titulis
792 507 913 570 mentio
937 505 984 584 fit,
1009 511 1199 570 constater
1228 502 1269 567 iis
1297 500 1376 564 eivi-

201 614 274 694 buS,
303 616 360 698 qui
388 615 594 682 contionibus
622 614 828 696 comitiisque
852 614 1025 680 intersunt.
1072 613 1193 694 Itaque
1218 611 1319 692 δᾶμος
1342 613 1376 672 et

202 703 349 809 ἐκκλησία
379 723 465 786 inter
496 743 529 785 se
561 741 739 804 congruere
771 719 888 784 solent.
946 718 1050 785 Suum
1081 719 1200 800 cuique
1231 717 1294 780 civi
1320 716 1377 798 jus

202 829 414 894 contionandi
438 835 469 892 et
494 827 652 910 suffragia
676 827 799 892 serendi
823 833 903 892 erat.
951 826 1188 891 Verumtamen
1207 824 1282 906 jure
1305 843 1376 886 sen-

204 937 343 1000 tentiam
366 935 495 1000 dicendi
520 957 701 1018 perpaucos
725 935 774 998 uti
800 934 914 998 solitos
939 955 1009 998 esse
1033 939 1285 998 consentaneum
1315 935 1375 992 est.

206 1039 315 1123 Quum
341 1040 401 1105 hoo
424 1041 521 1106 modo
545 1041 686 1124 populus
711 1041 831 1104 certior
847 1040 953 1104 laetus
970 1046 1052 1120 erat,
1078 1039 1119 1103 ad
1137 1036 1377 1102 decernendum

204 1170 238 1212 se
261 1148 412 1231 parabat.
461 1148 606 1212 Decreta
630 1148 773 1211 cuiusvis
797 1149 926 1228 generis
950 1153 1081 1230 praesto
1106 1151 1182 1210 sunt
1206 1145 1246 1210 de
1278 1143 1378 1207 rebus

205 1261 238 1318 et
261 1255 463 1338 gravissimis
488 1261 521 1318 et
544 1256 684 1320 maxime
708 1255 844 1336 exiguis
896 1253 1058 1336 Exempla
1082 1276 1121 1317 ne
1146 1253 1268 1330 desint,
1293 1272 1378 1314 com-

204 1382 346 1426 memoro
363 1361 505 1441 decreta,
531 1361 651 1444 quibus
667 1362 823 1444 proxenia
839 1361 1022 1443 peregrinis
1039 1360 1233 1425 decernitur.
1282 1357 1377 1420 Haec

205 1470 314 1532 omnia
337 1470 371 1532 in
396 1469 547 1533 contione
570 1468 752 1532 deliberata
777 1475 862 1548 sunt,
888 1474 956 1532 tum
981 1467 1208 1550 rogationibus
1232 1485 1379 1548 compro·

207 1575 295 1639 batis
319 1613 362 1624 ψ
386 1574 527 1639 formula
551 1581 601 1639 est
625 1572 696 1638 ἐπεὶ
718 1571 755 1636 τὰ
779 1572 934 1660 sprimont}
966 1599 1006 1638 κα
1036 1558 1180 1660 suecedet
1206 1613 1247 1619 —
1276 1571 1378 1653 magi·

207 1689 337 1746 stratus
362 1683 479 1764 exequi
498 1681 711 1764 jubebantur.

313 1788 462 1873 Populus
486 1790 587 1870 igitur
611 1788 762 1852 ultimum
782 1787 941 1870 judicium
965 1787 1027 1851 sibi
1046 1788 1238 1852 reservabat
1255 1788 1295 1852 de
1313 1811 1379 1854 om-

205 1897 302 1960 nibus
328 1895 436 1974 reb'us
462 1896 502 1958 de
526 1893 646 1976 quibus
668 1893 782 1981 ρὀολὴν
806 1895 825 1956 i.
851 1916 877 1960 e.
903 1902 1051 1958 senatum
1068 1903 1165 1959 antea
1181 1895 1381 1960 deliberasse

207 2024 336 2069 solmus.

676 2125 732 2191 De
757 2135 904 2192 senatu.

314 2251 454 2336 Propter
478 2251 623 2336 inopiam
647 2252 819 2317 titulorum
844 2259 876 2316 et
900 2253 1096 2335 scriptorum
1128 2254 1288 2317 incertum
1318 2260 1378 2335 cst,

208 2367 319 2424 utrum
351 2365 517 2423 senatores
550 2358 793 2442 Megarensium
825 2381 842 2422 e
873 2359 995 2444 populo
1027 2359 1121 2424 electi
1152 2361 1218 2427 siut
1248 2382 1291 2426 an
1321 2360 1377 2441 qni

210 2466 457 2550 magistratibus
493 2465 597 2530 functi
633 2472 737 2546 erant,
774 2466 807 2529 in
843 2473 991 2531 senatum
1020 2466 1218 2532 introierint.
1265 2467 1382 2548 Neque

209 2595 268 2656 pro
293 2579 382 2638 certo
406 2573 572 2651 habemus,
597 2579 678 2654 quot
694 2579 863 2637 senatores
880 2573 1012 2638 suerint.
1060 2572 1185 2640 Verum
1206 2573 1246 2637 de
1264 2573 1382 2638 officiis

208 2701 321 2744 eorum
351 2680 472 2744 certius
504 2680 650 2758 judicare
685 2701 867 2762 possumus,
915 2679 1003 2744 Nam
1039 2680 1079 2744 de
1114 2681 1248 2744 summis
1284 2681 1382 2744 rebus

214 2788 343 2851 senatui
367 2786 429 2850 soli
452 2807 517 2850 non
541 2786 662 2850 licebat
686 2786 869 2866 decernere,
895 2786 950 2850 sed
980 2781 1193 2869 quaecunque
1222 2787 1382 2852 delibera·
1467 2861 1476 2868 ,

211 2900 317 2976 verat,
343 2894 385 2958 ad
413 2892 570 2976 populum
606 2892 780 2957 deferenda
815 2899 917 2956 erant.
965 2893 1063 2957 Hanc
1097 2895 1259 2958 rationem
1295 2893 1382 2976 apud

210 2999 469 3083 Aegosthenitas
489 3000 526 3062 in
551 3021 646 3063 usum
671 2999 795 3064 venisse
820 3006 919 3080 atque
943 2999 1027 3064 hanc
1052 3001 1280 3064 necessitatem
1298 3002 1384 3064 inter

213 3114 363 3172 senatum
387 3106 610 3170 intercessisse
635 3127 674 3172 ac
696 3105 869 3188 populum,
901 3106 991 3174 tituli
1016 3107 1142 3172 docent.
1189 3105 1275 3171 Nam
1304 3107 1384 3188 quid

216 3215 277 3278 ribi
301 3212 373 3277 vult
395 3212 537 3276 formula
560 3209 662 3292 ἔλεξεν
686 3204 703 3274 ὁ
727 3213 814 3276 δεῖνα
830 3213 1127 3300 προβεβωλεομὲνοο
1142 3207 1228 3298 εἶμεν
1244 3205 1382 3299 adeost),

212 3325 272 3386 nisi
296 3318 519 3405 προβούλευμα
536 3326 721 3384 senatorum
739 3319 988 3402 intelligendum
1005 3319 1076 3385 est?
1123 3317 1216 3402 Quae
1232 3321 1382 3402 formula,

212 3451 285 3492 cum
312 3429 344 3490 in
370 3427 479 3490 titulis
502 3447 567 3490 non
592 3427 777 3490 inveniatur
796 3428 860 3491 nisi
876 3448 941 3511 quo
958 3434 1104 3510 tempore
1120 3426 1383 3512 Aegostheuitae

212 3533 353 3598 foederis
379 3533 580 3597 Boeotorum
611 3533 791 3616 participes
824 3541 928 3614 erant,
953 3534 1048 3598 facile
1076 3535 1117 3598 ab
1147 3536 1256 3600 auimo
1284 3536 1383 3617 impe-

211 3640 387 3721 trabimus
427 3648 464 3707 ut
501 3641 680 3716 iudicemus
709 3640 930 3724 Aegosthenis
962 3648 1128 3706 senatores
1159 3648 1236 3708 ante
1267 3641 1382 3706 initum

213 3746 403 3829 suffragium
440 3747 640 3813 Boeotorum
674 3769 765 3812 more
800 3745 1022 3836 προβούλευμα
1061 3749 1208 3814 tulerint.
1269 3748 1384 3830 Atque

211 3853 434 3938 Fouoartus‘2)
459 3855 608 3937 exempla
633 3855 778 3919 eiusdem
802 3854 962 3918 formulae
993 3856 1026 3919 in
1055 3855 1192 3936 urbibus
1215 3855 1384 3920 Boeoticis

213 3959 359 4024 usitatae
390 3959 495 4025 affert.
553 3959 647 4043 Quae
671 3961 802 4044 quidem
856 3962 942 4025 ratio
979 3963 1201 4028 testimonium
1237 3962 1383 4044 praebet,

213 4087 311 4148 quam
352 4065 527 4150 diligenter
558 4075 682 4133 veteres
712 4067 841 4132 decreta
869 4069 1021 4153 fecerint;
1060 4077 1158 4152 atque
1192 4069 1225 4132 id
1256 4089 1385 4150 quoque

325 4264 345 4332 ¹)
365 4263 416 4317 Lb.
437 4261 490 4316 No.
513 4268 534 4316 1.
555 4265 578 4315 2.
600 4265 624 4316 ἵ.
644 4262 673 4314 O.
694 4261 722 4314 J.
743 4263 791 4316 Gr.
811 4263 834 4317 Ι,
858 4267 960 4316 utros:
981 4262 1054 4315 Bull.
1075 4263 1109 4315 de
1134 4280 1205 4316 corr.
1231 4263 1290 4315 hell
1318 4264 1383 4313 1885

214 4371 240 4422 p.
261 4357 321 4408 318.

324 4441 346 4512 ²)
366 4440 451 4494 Fouo.
473 4441 574 4511 explic.
595 4441 631 4493 ad
650 4439 694 4494 No
726 4445 748 4495 1.
