3048 4878
693 284 916 346 ..40-

215 465 319 542 έχεται
347 461 399 524 καὶ
429 465 533 524 κοινᾶι
567 460 621 524 καὶ
648 451 719 524 κατ’
743 458 826 525 ἰδίαν
856 471 926 538 τοῖς
952 460 1114 542 δεομένοις
1150 464 1214 524 τῶν
1245 460 1396 539 πολιτᾶν,

217 568 267 631 vel
291 589 356 649 quo
379 567 452 631 loco
475 568 595 631 merita
618 588 740 647 eorum,
766 567 822 650 qui
846 589 867 632 a
890 567 1036 632 consiliis
1048 566 1213 632 Demetrii
1223 566 1248 651 ¹)
1271 574 1303 632 et
1325 567 1399 632 Eu·

115 667 120 674 ’
216 673 354 750 menis²l
374 681 482 753 erant,
508 674 713 741 exhibentur.

323 779 497 846 Honorum
519 782 613 846 varia
642 803 761 864 genera
792 782 893 846 fuisse
917 782 1004 846 inter
1027 801 1138 846 omnes
1162 787 1305 860 constat3
1331 782 1398 846 etsi
1509 787 1510 798 ¹

215 889 425 972 Megarenses
443 895 475 952 et
491 885 755 970 Aegosthenitae
771 889 965 970 parcissime
987 909 1042 953 cos
1058 887 1214 953 tribuisse
1229 886 1395 968 videntur,
1509 885 1510 898 ¹

322 994 358 1060 Si
397 995 560 1078 exceperis
589 996 756 1060 civitatem
784 995 979 1060 Alexandro
1010 1015 1115 1078 neque
1145 994 1202 1060 alii
1239 994 1395 1076 cuiquam

216 1101 406 1168 mortalium
419 1108 525 1182 antea,
543 1101 708 1166 Demetrii
723 1101 932 1167 Poliorcetae
944 1102 1113 1185 praefecto
1127 1101 1224 1166 Zoilo
1233 1099 1260 1187 ⁸)
1277 1105 1396 1185 postea
1509 1119 1510 1176 j

218 1210 371 1288 oblatam,
396 1210 572 1291 proscenia,
597 1231 679 1291 qnae
703 1215 853 1288 vocatur,
879 1216 912 1274 et
935 1230 1050 1274 nomen
1075 1201 1237 1300 εὐεργέτου
1261 1208 1396 1292 saepius

220 1316 347 1380 tributa
371 1337 440 1379 esse
465 1317 619 1380 invenies.
666 1315 743 1380 Huc
766 1315 965 1380 accedebant
988 1315 1167 1400 prohedria
1190 1323 1223 1380 et
1242 1316 1296 1400 jus
1319 1336 1396 1397 par·
1509 1323 1510 1384 3

217 1423 348 1505 tioipem
384 1441 455 1487 esse
488 1424 597 1487 carnis
633 1424 848 1488 victimarum.
880 1422 1153 1507 Imperatorum
1191 1421 1396 1506 temporibus
1509 1455 1510 1506 f

218 1521 347 1594 statuae
379 1532 561 1612 permultae
593 1531 831 1596 dedicabantur
862 1540 894 1596 et
926 1531 1181 1616 imperatoribus
1217 1550 1395 1612 eorumque
1509 1523 1510 1546 ¹

219 1637 378 1701 uxoribus
403 1644 434 1701 et
459 1637 684 1704 Romanorum
708 1636 939 1724 consulibus.⁴)
986 1639 1194 1722 Megarenses
1218 1637 1330 1720 igitur.
1355 1641 1395 1700 ut
1509 1657 1510 1708 3

219 1745 286 1822 alii,
312 1743 458 1808 dominos
483 1746 644 1828 propitios
668 1745 805 1809 reddere
828 1752 929 1827 atque
944 1743 1074 1810 adulari
1092 1742 1278 1809 studebant.
1325 1741 1395 1807 Ra·

214 1851 343 1914 nissime
367 1850 498 1916 laudem
521 1855 720 1916 'etcoronam
743 1852 1031 1935 aMegarensibus
1055 1853 1165 1918 datam
1183 1871 1252 1915 esse
1275 1856 1395 1933 putan-
1509 1863 1510 1870 ’

221 1957 382 2020 domest.
428 1957 494 2021 His
530 1958 562 2022 in
599 1959 779 2022 honoribus
804 1957 1018 2041 assequendis
1052 1980 1130 2023 num
1165 1963 1274 2022 certus
1310 1957 1394 2020 ordo

217 2063 324 2128 fuerit.
350 2085 470 2142 vereor,
496 2072 532 2128 ut
556 2064 731 2148 dijudicari
755 2065 869 2147 possit.
916 2065 958 2129 Id
984 2071 1113 2130 constat
1138 2087 1211 2129 curn
1235 2063 1394 2148 proxenia

216 2169 305 2234 haud
333 2191 407 2234 raro
437 2169 520 2234 alios
545 2171 684 2236 honores
714 2169 810 2236 simul
840 2172 988 2236 decretos
1013 2193 1098 2250 esse,
1127 2177 1265 2254 excepta
1292 2169 1393 2235 laude
1509 2221 1510 2224 η

216 2283 248 2340 et
272 2297 402 2355 corona,
427 2277 546 2358 quibus
563 2279 718 2361 perpauci
743 2278 946 2344 fruebantur.
993 2279 1073 2344 Jam
1088 2277 1235 2362 singulos
1251 2277 1393 2342 honores
1509 2291 1510 2370 l

219 2377 426 2466 explicemus.

697 2564 753 2630 De
776 2564 901 2630 laude.

244 2711 247 2724 ’
307 2687 376 2752 'Ex
401 2689 551 2772 eoquod
577 2691 725 2754 laudatio
748 2689 919 2766 rarissima
942 2690 1021 2754 viris
1046 2689 1128 2754 bene
1158 2689 1197 2753 de
1221 2687 1394 2772 republica
1509 2733 1510 2738 κ

220 2794 463 2877 Megarensium
487 2798 614 2860 meritis
638 2797 778 2880 contigit
802 2802 906 2880 atque
924 2797 958 2860 in
981 2797 1140 2861 honorum
1171 2795 1393 2860 cumulatione
1509 2793 1510 2798 ’

217 2901 324 2985 prima
341 2909 568 2980 enumeratur,‘
587 2903 673 2966 huno
696 2904 782 2968 inter
804 2925 947 2969 summos
972 2903 1110 2968 honores
1135 2903 1286 2968 habitum
1310 2923 1389 2979 esse,

217 3013 365 3090 apparet.
413 3008 534 3090 Itaque
563 3015 600 3072 ut
632 3009 772 3092 quisque
802 3009 946 3092 plurima
972 3010 1093 3074 merita
1123 3010 1157 3072 in
1180 3009 1392 3092 Megarenses
1509 3013 1510 3018 ’

217 3115 371 3195 contulit,
405 3116 451 3178 ita
475 3116 684 3197 potissimum
712 3115 820 3180 laudis
849 3116 1014 3198 particeps
1044 3137 1113 3180 esse
1144 3115 1267 3198 potuit,
1300 3114 1392 3178 velut
1509 3111 1510 3150 3

216 3217 353 3303 Oleonl)
376 3220 599 3304 Erythraeus,
629 3221 717 3304 quod
741 3221 976 3286 eius'oonsilio
999 3220 1188 3285 Demetrius
1211 3220 1346 3312 Megara
1370 3244 1391 3284 a

215 3322 405 3392 Cassandro
429 3333 602 3410 occupata,
628 3328 797 3393 obsidione
821 3328 958 3393 solvisse
982 3328 1130 3409 videtur,
1154 3334 1254 3412 atque
1278 3327 1390 3393 eodem

215 3433 339 3498 honore
362 3432 514 3500 aiffeotns
538 3441 588 3498 est
612 3435 700 3518 Mys,
731 3433 913 3519 Mresius,⁰)
936 3433 1108 3499 Demetrio
1139 3433 1280 3498 fortasse
1312 3434 1391 3499 ami·

217 3541 378 3621 cissimns,
404 3542 482 3623 quia
505 3562 614 3624 regem
641 3541 890 3624 Megarensibus
917 3540 1160 3606 conciliaverat.
1207 3539 1295 3605 Nam
1318 3540 1391 3624 Mys

221 3654 254 3712 et
284 3645 385 3712 Cleon
421 3647 614 3727 laudantur,
653 3647 741 3730 quod
779 3654 916 3732 uterque
957 3647 1080 3731 populo
1125 3647 1267 3712 utilitati
1305 3653 1389 3726 erat3

215 3753 359 3818 formula
388 3759 439 3818 est
466 3752 620 3842 πράσσων
658 3752 698 3817 τὰ
729 3759 932 3842 συμφέροντα
962 3758 1023 3818 τῶι
1053 3751 1169 3836 tortor.
1217 3753 1392 3821 Verumta·
1509 3741 1510 3786 ³

215 3945 427 3952 ᾖ..-

326 4056 346 4123 ¹)
365 4054 457 4125 Rang.
478 4059 538 4110 698,
737 4121 740 4126 Ι

323 4141 347 4211 ²)
368 4143 489 4198 Viecher
507 4143 596 4198 Beitr.
617 4143 669 4198 No.
690 4149 731 4199 47.
973 4191 975 4195 .

326 4233 347 4300 3)
366 4231 591 4302 Mittheilungen
611 4234 660 4286 des
679 4233 755 4288 arch.
775 4233 845 4287 Inst.
866 4231 950 4288 VIII.
972 4237 1022 4288 183
1041 4251 1068 4302 p.

325 4321 348 4390 4)
367 4321 436 4374 Leb.
456 4320 512 4375 No..
529 4325 571 4376 54.
591 4325 625 4376 56
646 4327 699 4379 cot.

325 4411 345 4480 ὅ)
364 4409 456 4480 Rang.
476 4412 536 4466 698.
750 4455 751 4458 η

323 4499 346 4570 ⁶)
365 4498 522 4568 Rongroo.
542 4490 594 4583 ἐφ.
618 4485 688 4581 dog.
716 4502 789 4555 1334.
