3048 4878
706 238 995 322 -30-‘

233 432 376 500 medium
400 457 470 501 esse
493 435 657 501 delectum
682 435 750 501 fere
773 436 942 518 regionum
967 455 1088 516 carum,
1113 453 1195 516 quas
1210 431 1330 498 Boeoti
1353 429 1410 497 ob·
1504 505 1505 508 Ἴ

232 544 384 609 tinerent.
409 544 471 608 hoc
495 545 598 626 igitur
622 543 694 606 loco
710 543 833 608 archon
850 542 991 608 foederis
1008 543 1175 623 ceterique
1192 541 1411 624 magistratus
1504 577 1505 582 κ

232 651 458 714 versabantur.
505 648 698 732 Quomodo
726 648 780 712 hic
812 641 916 734 ἅρχων
943 646 975 712 ἐν
999 641 1166 734 apporta
1195 655 1324 712 creatus
1354 649 1409 714 sit.

232 779 295 820 non
321 759 402 820 sutis
425 757 634 840 perspicuum
659 762 719 819 est.
768 755 1005 820 Verumtamen
1029 775 1068 817 ex
1093 755 1233 836 singulis
1250 753 1410 818 Boeotiae

231 865 368 928 urbibus
393 864 553 946 prodiisse
578 863 715 927 videtur.
764 863 851 925 Nam
877 871 942 926 tres
960 861 1051 925 tituli
1069 859 1208 926 consecti
1227 869 1312 941 suut,
1337 862 1409 943 qui-

233 972 295 1034 bus
310 969 542 1054 Thebanuml),
562 968 796 1050 Thespiensem
807 967 845 1053 ⁴²).
863 966 1105 1048 coronaeumet
1122 968 1292 1033 archontis
1305 967 1411 1032 Boeo·

234 1087 342 1141 torum
366 1097 498 1140 munere
523 1079 653 1140 t'uuctos
678 1097 748 1138 esse
774 1075 1029 1138 demonstratur.
1076 1073 1151 1138 Hoc
1183 1075 1223 1138 de
1251 1075 1410 1142 archonte

233 1182 264 1247 ἐν
287 1175 468 1270 Όγχηοτιῦι,
493 1204 590 1264 quem
615 1181 745 1246 omuino
769 1182 952 1263 praeterire
977 1180 1109 1245 silentio
1129 1202 1194 1244 uon
1209 1183 1312 1263 potui,
1336 1205 1411 1247 eum

170 1276 173 1284 ’
233 1291 395 1372 catalogis
412 1289 612 1372 epheborum
628 1289 853 1371 praescriptus
871 1287 928 1364 sit3
955 1287 1056 1350 verba
1077 1279 1228 1372 ἄρχοντος
1251 1285 1283 1352 ἐν
1306 1281 1411 1376 Dm-

232 1401 312 1461 οτῶι
336 1403 534 1479 sequuntur:
560 1394 612 1460 ἐπὶ
638 1395 670 1459 di
687 1393 815 1473 πόλιος
841 1416 940 1476 quam
957 1415 1023 1458 reru
1040 1393 1265 1472 Boeckhius⁴)
1291 1396 1336 1458 ita
1354 1417 1410 1460 ex·

234 1505 346 1588 plicat,
372 1511 409 1568 ut
433 1502 616 1582 contendat,
642 1489 865 1584 Aegosthcnis
890 1502 922 1564 in
939 1508 1138 1584 potestatem
1154 1499 1410 1567 Onchestiorum

233 1613 387 1690 redactis,
412 1632 497 1675 errno
521 1629 638 1674 nomeu
662 1609 704 1672 ab
729 1609 886 1672 archonte
912 1608 1042 1672 illorum
1067 1608 1180 1672 datum
1205 1629 1276 1672 esse
1308 1617 1409 1690 atque

235 1717 419 1804 προστάτην
442 1715 497 1781 ἐπὶ
512 1715 626 1793 πόλιος
649 1716 699 1779 rel
724 1713 914 1802 ἐπιμελητὴν
937 1715 978 1778 ab
1003 1713 1190 1780 Onchestiis
1208 1715 1409 1780 destinatum

233 1827 308 1890 urbi
355 1825 550 1906 praefuisse,
599 1824 685 1887 sicut
723 1822 858 1887 Delium
898 1822 1154 1886 Atheniensium
1201 1821 1409 1900 archonte-rm

236 1933 398 2015 Equidem
424 1933 485 1995 hac
509 1932 542 1995 in
566 1952 600 1994 re
625 1930 783 1994 dissentio
814 1935 913 2010 atque
930 1929 1117 1993 anebontem
1135 1929 1176 1992 ab
1201 1929 1282 1993 urhe
1298 1929 1411 2012 Aego-

238 2039 454 2103 stheuitoruru
490 2037 673 2120 abjudicari
703 2037 788 2100 uolo.
835 2035 922 2100 Nam
946 2034 1132 2101 Onchestos
1168 2037 1241 2120 ipsa
1275 2059 1340 2101 nou
1376 2039 1410 2100 in

236 2167 370 2209 numero
402 2145 532 2210 urbium
563 2144 773 2208 confoederat
759 2150 867 2208 tarum
899 2143 1044 2208 habebat
1031 2151 1099 2220 tur,
1137 2143 1232 2206 sed
1224 2166 1256 2206 nr
1287 2143 1410 2208 finibus

236 2253 326 2316 urbis
351 2252 566 2316 Haliartit
524 2253 588 2315 sita
596 2250 700 2328 )'‘vix
724 2251 842 2314 aliast
830 2258 940 2314 tenere
968 2258 1108 2332 poterat,
1155 2249 1283 2314 Deinde
1299 2251 1410 2332 Aeuo

235 2360 479 2438 stheuitae,—
503 2359 592 2422 uude
621 2381 674 2421 eos
705 2360 755 2422 sui
778 2359 863 2441 juris
888 2358 988 2422 luisse
1009 2357 1267 2440 colligimus—
1297 2360 1410 2441 populi

236 2467 318 2530 scito
335 2475 576 2544 concesserunt,
601 2473 638 2528 ut
655 2464 830 2547 Siphenscs
847 2465 1017 2530 sacrificiis
1040 2464 1182 2547 publicis
1204 2466 1409 2529 interessent.

343 2573 463 2656 Itaque
486 2573 529 2637 ad
553 2571 609 2636 ἐπὶ
624 2572 740 2650 πόλιος
756 2571 973 2656 supplendum
989 2578 1038 2636 est
1054 2565 1221 2658 ἄρχοντος,
1247 2593 1311 2634 uon
1327 2597 1412 2658 προ-

236 2678 362 2758 στάτου,
387 2680 421 2744 id
445 2681 531 2762 quod
556 2681 620 2744 duo
645 2680 742 2745 titulo
765 2679 925 2762 Megarici
948 2680 1120 2762 praebent:

556 2780 707 2875 ἄρχοντος
729 2785 907 2868 Κλεομάχου
916 2787 942 2870 6)

558 2892 589 2958 ἐν
614 2894 646 2958 di
670 2887 836 2980 Ὀγχηστιῦι
861 2894 1052 2973 Ποτιόοίχοο

557 2994 707 3087 ἄρχονιος
721 2994 914 3087 Ὁμὸφρονος
924 3000 948 3082 ⁷)

558 3101 599 3172 ἐνί
625 3109 658 3173 δὲ
682 3101 848 3195 Ὀγχηοτώι
862 3100 1105 3194 Ἀριστοκλέους.

343 3231 532 3298 Climachus
556 3241 589 3297 et
609 3234 827 3315 Horncplrron
856 3240 933 3297 sunt
956 3232 1130 3296 archontes
1154 3231 1411 3314 Megarensium.

237 3341 426 3406 lr:rr·t'el‹lius
454 3342 585 3423 quidem
610 3341 720 3404 decem
745 3341 913 3421 catalogos
938 3339 1137 3421 epheborum
1159 3337 1412 3420 Aegosthenilis

239 3449 376 3512 addixit.
401 3448 457 3510 sed
481 3448 699 3523 Foucartus⁸l
728 3447 810 3511 duos
833 3447 965 3512 titulos.
994 3468 1075 3528 quos
1104 3446 1201 3509 attuli
1229 3455 1318 3509 recte
1342 3427 1412 3510 hle-

235 3558 427 3638 gerensilrus
443 3556 606 3619 attribuit.
642 3554 729 3618 Nam
753 3555 853 3618 iubis
877 3561 909 3618 et
921 3554 1044 3618 archon
1068 3553 1214 3616 urbanus
1230 3551 1411 3618 Ouclrestio

236 3663 382 3726 archonti
414 3664 626 3745 praeponitur
657 3671 689 3724 et
720 3661 921 3743 polemarohi
951 3660 1118 3724 accedunt.
1152 3660 1268 3722 deinde
1294 3661 1327 3723 iu
1352 3662 1413 3724 du-

347 3892 364 3960 1)
384 3891 436 3945 Lh.
456 3892 538 3944 inser.
559 3892 594 3944 de
615 3892 642 3942 le
661 3889 752 3944 (areae
773 3891 809 3942 du
830 3889 917 3953 North
939 3889 991 3944 No.
1011 3893 1075 3957 tlltt(

345 3979 438 4048 ².)Irh
459 3980 531 4034 ebid
555 3985 613 4033 183.

345 4069 366 4136 ³)
386 4068 510 4137 Lolliug.
530 4068 666 4136 Mittlgen
686 4069 734 4120 des
754 4069 829 4121 arch
851 4067 1095 4136 Iust.111p.8o

343 4159 366 4226 ⁴)
388 4157 517 4210 Berliner
535 4156 706 4210 Monat.sher
731 4163 805 4212 18ἵῖ.
788 4177 852 4226 r.p
873 4162 932 4212 lea

343 4248 418 4315 ⁵)St
386 4247 477 4300 85.ῑο5)
498 4245 549 4300 ΙΧ.
570 4251 668 4315 clep

344 4337 366 4396 θ)
386 4335 472 4389 Fouc.
493 4336 595 4404 explic.
617 4335 667 4388 No.
690 4340 753 4390 234a.

346 4425 453 4494 )ibid.
474 4425 526 4479 No.
547 4430 589 4480 34.

345 4514 423 4588 ⁸)
