3048 4878
625 257 846 316 ,17-

579 431 634 495 De
658 431 885 514 demiurgis.

251 557 318 621 Hic
356 558 573 638 magistratus
608 556 855 638 Peloponnesiis
895 556 1086 620 notissimus
1125 556 1157 618 in
1193 553 1319 618 duobus

144 665 270 744 titulis.
296 665 441 745 Megaris
471 670 502 728 et
525 663 747 745 Aegosthenis
780 663 934 739 inventis,
964 661 1058 726 nohis
1090 661 1239 726 occurit·
1279 659 1318 722 Iu

148 770 247 835 titulo
264 771 442 854 Megarico,
467 793 564 852 quem
581 770 621 834 D.
640 769 871 835 Korolhowius
881 771 904 852 ¹)
929 769 1032 834 edidit
1053 775 1152 852 atque
1168 767 1319 849 tempori,

145 900 209 960 qno
225 877 362 960 Megara
378 878 504 942 foederi
521 878 671 942 Achaico
689 877 823 941 addicta
840 883 944 958 erant,
970 877 1162 958 assignavit,
1187 874 1321 938 nomina

144 986 289 1068 quinque
320 985 565 1068 demiurgorum
600 991 699 1066 atque
736 985 864 1048 scribae
899 985 1063 1066 leguntur.
1111 983 1151 1048 Iu
1186 981 1284 1046 titulo
1294 978 1320 1063 ²)

145 1092 464 1173 Aegostheuitarum
496 1113 569 1155 cum
599 1113 716 1156 nomen
748 1091 877 1155 scribae
912 1091 1061 1174 eponymi
1098 1113 1142 1154 sc.
1180 1087 1320 1152 foederis

147 1196 290 1262 Achaici
314 1203 413 1281 atque
437 1205 566 1282 tempus
596 1199 703 1262 verbis
734 1197 832 1286 μηνὸς
862 1202 969 1284 τρίτου
1000 1220 1088 1262 more
1110 1196 1319 1261 Achaeorum

148 1302 318 1367 delinitum
342 1303 521 1386 videamus,
547 1304 628 1369 haec
652 1326 780 1387 quoque
810 1305 981 1388 inscriptio
1012 1310 1083 1369 tum
1114 1325 1188 1368 cum
1211 1303 1320 1383 Aego-

147 1410 310 1474 sthenitae
328 1410 469 1475 foederis
486 1412 628 1475 Achaici
643 1412 822 1494 participes
844 1418 962 1491 essent,
988 1417 1125 1475 exarata
1146 1431 1216 1474 esse
1233 1407 1319 1471 vide·

145 1524 209 1582 tur.
240 1516 357 1600 Neque
373 1518 458 1582 falso
471 1517 693 1602 Foucartusi)
710 1539 780 1582 eam
798 1520 905 1602 spatio
922 1520 1009 1582 iuter
1025 1539 1127 1582 anuos
1144 1519 1318 1580 aec-255

145 1624 307 1707 assignari
336 1626 420 1706 vult,
455 1647 519 1707 quo
544 1625 818 1708 Aegosthenitas,
850 1627 910 1691 etsi
935 1626 1073 1708 Megara
1103 1625 1176 1707 ipsa
1206 1628 1320 1706 postea

146 1731 188 1794 ab
206 1731 311 1795 Arato
336 1731 461 1797 foederi
486 1731 641 1815 adjuncta
665 1731 791 1817 sunt4),
816 1732 858 1796 ad
881 1731 1036 1797 Achaeos
1065 1731 1238 1794 descivisse
1269 1751 1320 1794 su-

147 1839 302 1920 spicatur.
351 1836 448 1920 Quod
472 1839 499 1902 si
517 1859 630 1903 rerum
647 1845 704 1916 est,
731 1846 765 1902 et
781 1839 989 1920 Megarenses
1007 1845 1040 1902 et
1056 1835 1320 1922 Aegostheuitae

147 1945 239 2008 illum
262 1947 502 2028 magistratum,
529 1947 650 2029 quippe
674 1947 731 2028 qui
747 1945 880 2028 Linou
905 1953 1039 2010 auctore
1056 1967 1180 2010 suanno
1197 1944 1320 2008 honore

150 2052 248 2116 luerit
272 2052 361 2134 apud
384 2050 552 2131 Achaeos,
583 2052 765 2116 instituisse
797 2053 957 2117 videntur.
1005 2050 1122 2134 Qualis
1154 2050 1320 2134 putandus

147 2157 190 2222 sit
214 2158 269 2221 hie
292 2159 509 2240 magistratus
533 2180 597 2222 non
622 2158 703 2222 satis
736 2159 850 2241 liquet.
898 2159 985 2222 Nam
1017 2159 1103 2223 inter
1132 2159 1320 2240 grammati-

152 2286 207 2328 cos
236 2263 401 2346 explicant
430 2264 619 2348 Hesychius
648 2286 673 2328 s.
707 2287 733 2331 v.
764 2259 916 2350 ἄρχοντας
944 2263 1033 2352 παρὰ
1063 2276 1132 2342 τοῖς
1161 2268 1321 2350 Δωριεῦσι

149 2376 192 2434 et.
217 2371 327 2453 Etym.
353 2375 460 2454 magu.
486 2376 559 2451 265,
584 2376 637 2438 46.
663 2370 693 2435 ol
717 2373 792 2458 περὶ
814 2370 854 2436 τὰ
877 2373 960 2460 τέλη.
1008 2371 1070 2438 Sed
1089 2372 1220 2436 'falsam
1251 2394 1321 2436 esse

146 2478 400 2561 explicationem
425 2477 627 2563 Sauppius⁰)
652 2481 793 2562 exponit.
841 2479 929 2544 Nam
953 2480 1041 2562 apud
1059 2478 1285 2562 Thucydidem
1296 2477 1320 2562 ⁷)

146 2584 177 2650 oi
209 2583 396 2672 δαμιοτργὸι
423 2586 477 2649 καὶ
505 2585 535 2650 οἱ
566 2583 605 2649 τὰ
629 2586 700 2673 ectr,-
717 2584 840 2668 ἔχοντες
867 2586 954 2668 apud
979 2585 1080 2665 Eleos
1112 2585 1322 2649 inveniuntur

149 2698 187 2755 et*
213 2693 245 2755 in
278 2691 377 2755 titulo
405 2692 558 2774 quodam,
588 2692 799 2778 Andaniae⁸l
837 2699 999 2772 exarata,
1019 2685 1165 2778 ἄρχοντες
1200 2698 1231 2756 et
1267 2692 1321 2778 dp·
1396 2765 1400 2772 ¹

150 2803 298 2884 purcpyor'
333 2799 454 2863 diversi
490 2807 576 2863 sunt.
629 2797 691 2864 Sed
728 2799 780 2863 rix
816 2800 931 2882 opinor
965 2820 1072 2882 uegeS,
1110 2799 1137 2886 si
1173 2799 1321 2863 conferas

148 2903 351 2989 Thucydidis
376 2907 493 2986 locum,
525 2929 579 2972 eos
611 2915 785 2990 prytanum
809 2906 1065 2970 Atheniensium
1097 2927 1166 2969 esse
1198 2905 1320 2970 similes

147 3018 247 3093 atque
270 3013 357 3095 apud
382 3013 533 3078 Achaeos
558 3014 705 3078 conciliis
730 3034 896 3097 praeesse3
928 3018 1100 3095 praeterea
1124 2990 1320 3096 'eponymiae

145 3119 332 3201 demiurgos
362 3120 541 3202 participes
577 3120 675 3185 fuisse
716 3121 868 3184 docemur
904 3118 1126 3201 compluribus
1160 3119 1269 3183 titulis
1281 3119 1320 3203 ⁹).

148 3225 349 3290 Rectissime
381 3226 484 3308 igitur
515 3225 704 3310 Sauppiiw)
743 3227 931 3309 conjectura
963 3225 1105 3305 videtur,
1139 3248 1177 3288 ex
1208 3247 1321 3290 eorum

147 3332 300 3411 concilio,
343 3333 463 3413 quibus
502 3355 553 3398 res
592 3333 726 3416 publica
757 3324 1019 3397 administranda
1051 3332 1208 3397 mandata
1239 3339 1319 3398 erat.

260 3527 280 3594 ¹)
299 3524 502 3594 Mitteilungen
524 3527 572 3580 dcs
593 3527 720 3580 deutsch.
741 3528 815 3580 arch.
837 3527 930 3580 lustit.
950 3546 984 3579 au
998 3526 1104 3590 Athen,
1127 3531 1194 3581 1883
1213 3545 1239 3595 p.
1264 3531 1320 3580 ltu.

255 3614 278 3683 ᾖ)
298 3614 367 3669 Leb.
388 3613 440 3668 Nc.
465 3623 504 3670 ll.
525 3616 616 3683 Rang.
638 3615 690 3668 No.
712 3618 770 3668 Tur.
794 3615 925 3669 Welcker
945 3616 981 3668 hl.
1002 3615 1074 3668 echr.
1095 3615 1142 3668 ΠΙ
1162 3618 1221 3668 242.

256 3703 278 3773 ³)
297 3703 366 3758 Leb.
387 3704 439 3758 No.
463 3711 494 3757 12
514 3703 613 3780 (Fene.
635 3705 753 3772 explico.
775 3705 824 3758 des
844 3706 939 3772 inser.)

255 3794 278 3862 ⁴)
297 3792 397 3862 Polyb.
417 3793 456 3859 Π,
477 3799 520 3859 ⁴3,
540 3800 564 3848 [r.

255 3883 277 3951 ⁵)
296 3882 359 3936 Liv.
380 3887 422 3948 32,
443 3887 488 3942 22:
509 3887 551 3950 ue,
572 3889 613 3938 tid.
1020 3937 1023 3942 ,

255 3973 277 4040 ⁶)
297 3973 529 4040 Abhandlungen
557 3975 608 4026 der
633 3974 689 4036 kgl.
717 3973 869 4026 Gesellsch.
897 3974 948 4024 der
967 3972 1049 4028 Wiss.
1074 3974 1103 4026 in
1123 3973 1222 4041 uottg.
1254 3979 1320 4026 laod

145 4079 172 4128 p.
193 4065 252 4115 249.

255 4149 278 4219 7)
298 4149 426 4218 Thucyd.
447 4150 473 4203 V
493 4155 534 4203 47.

255 4239 278 4308 ⁸)
298 4239 530 4309 Abhandlungen
551 4240 602 4294 der
621 4241 677 4304 hgl.
693 4239 847 4293 Gesellsch.
863 4239 914 4292 der
927 4237 1106 4304 Wissensch,
1121 4240 1219 4310 Giittg.
1242 4245 1318 4306 laco,

144 4345 171 4395 p.
192 4331 251 4381 227.

254 4419 278 4485 ⁰)
297 4417 326 4469 O.
347 4416 374 4470 J.
396 4417 444 4470 Gr.
465 4419 479 4470 Ι
501 4421 575 4472 lodi.
596 4417 634 4470 ΙΙ.
656 4423 733 4472 21153.
754 4417 830 4476 alias.

241 4506 276 4576 ¹⁰)
296 4505 411 4576 Sauppe
430 4507 448 4560 l.
469 4525 492 4561 o.
