3048 4878
687 229 906 291 -24..

212 404 335 492 κλήρου,
359 399 426 470 ἀλλ’
452 397 507 486 οἰχ
523 403 656 491 αἱρετου.
703 405 778 468 Etsi
802 406 882 470 haee
906 405 1091 470 differentia
1114 407 1146 470 in
1164 407 1306 470 omnium
1323 425 1386 468 usu

213 513 415 594 versabatur,
440 496 550 578 tamen
574 519 653 595 puto
677 511 879 576 Pausaniam
904 511 965 576 hoo
988 512 1060 575 loeo
1076 512 1116 576 de
1133 512 1204 576 sola
1221 511 1386 576 creatione

211 621 464 702 magistratuum
497 640 602 701 neque
639 618 827 682 aeouratius
858 618 897 682 de
930 619 1059 682 ratione
1090 619 1222 682 creandi
1253 619 1385 683 dixisse.

212 724 336 810 αἱρετὸς
365 727 468 809 igitur
492 726 553 790 hoe
577 726 648 789 loeo
673 731 723 788 eet
754 725 890 804 electus,
921 732 978 789 aut
1007 731 1095 800 sorte
1124 733 1182 789 aut
1205 721 1384 808 suffragio:

212 834 449 916 posterioribus
474 841 583 898 autern
607 833 819 915 temporibus,
845 833 872 895 si
890 833 923 895 in
939 834 1216 914 comparationem
1232 853 1386 896 vocamus

212 941 391 1010 seeundum
415 940 606 1004 anebontem
622 938 884 1018 Atheniensium,
910 941 963 1003 oui
988 959 1104 1004 nomen
1128 937 1277 1023 βασιλευς
1301 945 1385 1019 erat,

213 1048 348 1128 eiusque
372 1047 503 1112 modum
528 1047 660 1111 creandi
684 1047 779 1130 plebe
804 1047 991 1110 dominante
1019 1049 1179 1112 usitatum
1208 1046 1388 1111 transferre

212 1175 376 1233 conamur,
402 1176 465 1218 non
490 1160 540 1218 est
563 1175 622 1217 eur
646 1154 678 1217 in
702 1153 837 1218 dubium
864 1173 1023 1232 vocemus,
1049 1155 1128 1236 quin
1153 1159 1240 1218 sorte
1271 1160 1388 1236 postea

213 1281 271 1323 rex
300 1261 546 1342 Megarensium
579 1259 700 1323 electus
728 1261 779 1330 sit,
827 1259 917 1324 Nam
948 1261 980 1323 in
1013 1261 1075 1324 hoo
1104 1261 1302 1342 magistratu
1331 1261 1388 1325 eli·

214 1366 318 1448 gendo
342 1367 454 1449 popuii
478 1368 651 1445 intererat,
684 1367 887 1431 voluntatem
917 1367 1052 1430 deorum
1082 1368 1266 1448 exquirere,
1297 1369 1386 1450 quod

214 1474 380 1538 sortiendo
405 1475 526 1556 optime
550 1474 621 1538 fieri
646 1474 793 1556 potuisse
817 1475 891 1555 quis
916 1475 1045 1556 estqui
1071 1479 1191 1557 neget?

322 1597 488 1682 Sequitur,
514 1606 550 1661 ut
576 1599 750 1678 videamus,
777 1619 861 1680 quae
886 1597 996 1661 officia
1019 1597 1088 1662 eins
1113 1599 1244 1662 suerint.

320 1723 372 1788 Ex
396 1723 521 1806 origine
545 1723 676 1805 quidem
700 1701 928 1806 colligendum
942 1730 1005 1788 est.
1040 1723 1125 1786 imno
1154 1725 1387 1808 magistratum

208 1837 341 1912 ‘partem
357 1830 549 1909 officiorum,
568 1851 650 1912 quae
666 1837 764 1894 antea
780 1851 892 1911 regum
910 1829 1051 1910 fuerant,
1070 1830 1260 1912 suscepisse.
1300 1831 1389 1896 Nam

216 1937 300 2002 siout
324 1937 451 2001 illihic
475 1937 545 2000 deis
569 1937 715 2000 colendis
739 1935 901 2018 imprimis
931 1957 1063 2017 operam
1096 1935 1223 2002 dedisse
1247 1937 1387 2005 videtur.

214 2043 447 2128 Aristoteles¹)
473 2043 603 2126 quidem
628 2045 714 2107 inter
737 2043 961 2124 magistratus,
988 2065 1126 2126 quorum
1143 2051 1215 2108 erat
1231 2045 1387 2110 bonorem

213 2151 349 2216 deorum
384 2153 478 2230 tueri,
515 2151 664 2214 nominat
698 2151 862 2232 βασιλέας,
900 2149 1085 2234 πρυτάνεις,
1122 2143 1285 2235 ἄρχοντας.
1341 2153 1388 2216 Et

211 2259 307 2341 'reges
332 2259 406 2322 iude
435 2280 454 2321 a
483 2256 686 2340 temporibus
716 2256 876 2320 fabulosis
907 2259 1000 2338 quasi
1037 2259 1230 2322 internuntii
1262 2259 1397 2323 deorum

214 2365 446 2448 hominumque
471 2366 572 2428 inisse
597 2363 763 2442 dicuntum
793 2363 873 2446 quid
898 2365 1036 2444 mirum,
1075 2365 1161 2447 quod
1192 2365 1269 2429 huic
1293 2367 1396 2448 magi.

216 2473 336 2536 stratui
352 2478 464 2555 partes
481 2493 594 2553 regum
610 2469 824 2553 pristinorum
841 2470 939 2535 datae
956 2473 1051 2535 sunt!
1099 2471 1200 2538 Velut
1217 2473 1262 2552 hi,
1288 2473 1394 2555 ignem

217 2601 346 2643 sacrum
370 2577 434 2642 foei
458 2579 492 2640 in
516 2583 674 2661 prytaneo
700 2577 756 2640 siti
773 2577 862 2640 alere
878 2584 978 2660 atque
997 2578 1159 2642 sacrificia
1175 2579 1308 2660 publiea
1331 2601 1389 2642 rex

215 2685 322 2750 faeere
347 2684 472 2757 debuit;
506 2684 593 2766 quod
618 2682 750 2764 quidem
780 2705 819 2747 ex
851 2684 923 2747 loeo
949 2683 1183 2769 Dieuohidae'2)
1219 2687 1390 2768 scriptoris

216 2799 364 2875 apparet.
411 2790 475 2854 Ille
500 2791 585 2853 enim
609 2797 645 2853 ut
670 2789 835 2853 describat
858 2790 946 2873 regis
970 2811 1092 2854 morem
1117 2791 1150 2853 in
1175 2793 1278 2855 saeris
1312 2791 1390 2856 iani-

218 2899 324 2978 undis,
350 2897 457 2962 verbis
482 2898 588 2960 utitur
611 2896 715 2975 hisee3
742 2893 855 2983 διόπερ
878 2894 986 2973 sesag
1009 2909 1077 2974 τοῖς
1100 2903 1195 2975 θοοῖς
1211 2891 1227 2961 ὁ
1242 2897 1391 2981 (scrotum

215 3004 252 3069 τὸ
274 3005 454 3070 τελευταῖον
476 3002 530 3090 τὴν
552 3004 698 3088 γλῶσσαν
727 2995 866 3090 ἀνέθηκε
895 3014 964 3079 τοῖς
991 3008 1113 3086 βωμοῖς
1143 3004 1197 3067 καὶ
1225 2996 1291 3067 siud
1319 3002 1389 3068 nire

215 3110 296 3190 ἔθος
319 3115 412 3174 τοῦτο
437 3111 571 3192 διέμεινε
595 3121 663 3186 τοῖς
687 3113 894 3196 Μεγαρεῦσιν.
941 3111 1061 3191 Itaque
1086 3132 1158 3174 eum
1183 3113 1251 3194 regi
1274 3134 1391 3175 munus

216 3199 459 3283 sanctissimum
485 3226 570 3281 esset
594 3216 796 3295 mandatum,
820 3215 892 3280 fieri
916 3239 980 3281 non
1004 3218 1122 3302 potuit,
1155 3219 1234 3300 quin
1259 3217 1301 3282 ad
1318 3240 1392 3282 eum

184 3369 187 3374 -
218 3326 383 3408 permulta
406 3325 487 3407 regii
512 3323 695 3406 splendoris
720 3328 920 3405 ornamenta,
946 3325 1106 3407 imprimis
1136 3326 1306 3408 elmnymia
1338 3325 1389 3388 de-

215 3432 388 3501 ferrentur.
441 3429 515 3514 Qua
551 3431 583 3495 in
619 3452 654 3495 re
689 3429 920 3495 animadvertit
949 3430 1187 3516 Fouoartusi),
1225 3455 1390 3514 nunquam

216 3540 287 3622 regi
310 3540 416 3623 patris
440 3559 556 3602 nomen
573 3537 776 3621 adscriptum
798 3559 879 3616 esse,
904 3545 1040 3619 excepta
1057 3561 1121 3602 una
1138 3537 1388 3621 inscriptione4)

219 3647 252 3708 in
277 3667 343 3729 qua
366 3645 489 3727 legitur
513 3642 567 3710 aa
582 3637 820 3730 Ἀπολλοδώρου
843 3648 900 3708 τοῦ
923 3637 1104 3731 Εὗφρουιόυ
1129 3683 1168 3690 -
1195 3639 1283 3728 apud
1299 3645 1388 3710 Ran-

215 3749 404 3837 gabeium⁵)
429 3752 512 3816 falso
530 3745 713 3838 Εὐθρουίου
736 3789 779 3799 ——
804 3751 891 3834 quod
915 3751 989 3826 ideo
1011 3750 1159 3814 additum
1177 3758 1237 3829 est,
1263 3775 1302 3816 ne
1319 3753 1389 3835 qui·

215 3859 276 3923 bus
301 3859 386 3922 idem
410 3881 528 3922 nomen
552 3865 634 3938 erat,
659 3859 745 3922 inter
770 3879 804 3922 se
829 3857 1113 3922 confunderentur.

327 4125 347 4191 1)
367 4123 486 4176 Ariston
508 4123 551 4176 VI
570 4129 594 4177 s.
619 4128 691 4178 1322.
702 4105 743 4177 ’Β.
765 4125 805 4176 ro.

327 4212 351 4281 ²)
370 4212 423 4281 irg.
443 4213 508 4266 hist.
529 4212 628 4266 Graec.
649 4213 700 4267 IV.
720 4231 746 4282 p.
768 4216 829 4276 391),
849 4216 873 4265 8.

328 4301 349 4370 8)
370 4302 504 4370 explieat.
525 4302 676 4366 desinam,
696 4321 722 4371 p.
745 4307 785 4356 19.

322 4389 346 4458 4)
365 4389 530 4460 Mitteilgen
550 4391 600 4444 des
625 4390 651 4442 d.
671 4391 747 4445 arch.
767 4391 836 4445 Inst.
865 4411 899 4445 zu
918 4391 1016 4445 Athen
1037 4389 1112 4443 VIII
1136 4408 1163 4459 p.
1186 4394 1243 4445 183.
1268 4387 1337 4442 Len.
1359 4392 1392 4443 34

323 4479 346 4549 ὁ)
365 4477 456 4548 sang.
476 4481 536 4533 sos.
556 4481 616 4533 oso.

375 4594 379 4602 ι
