<?xml version="1.0" encoding="UTF-8"?>
<!DOCTYPE html PUBLIC "-//W3C//DTD XHTML 1.0 Transitional//EN"
    "http://www.w3.org/TR/xhtml1/DTD/xhtml1-transitional.dtd">
<html xmlns="http://www.w3.org/1999/xhtml" xml:lang="en" lang="en">
 <head>
  <title>
</title>
<meta http-equiv="Content-Type" content="text/html;charset=utf-8" />
  <meta name='ocr-system' content='tesseract 3.04.00' />
  <meta name='ocr-capabilities' content='ocr_page ocr_carea ocr_par ocr_line ocrx_word'/>
</head>
<body>
  <div class='ocr_page' id='page_1' title='image "./derepublicaacma00thamgoog_0027.png"; bbox 0 0 3048 4878; ppageno 0'>
   <div class='ocr_carea' id='block_1_1' title="bbox 660 217 883 276">
    <p class='ocr_par' dir='ltr' id='par_1_1' title="bbox 660 217 883 276">
     <span class='ocr_line' id='line_1_1' title="bbox 660 217 883 276; baseline 0.004 -16"><span class='ocrx_word' id='word_1_1' title='bbox 660 217 883 276; x_wconf 66' lang='grc'><strong>,13-</strong></span> 
     </span>
    </p>
   </div>
   <div class='ocr_carea' id='block_1_2' title="bbox 186 368 1363 797">
    <p class='ocr_par' dir='ltr' id='par_1_2' title="bbox 186 368 1363 797">
     <span class='ocr_line' id='line_1_2' title="bbox 188 368 1362 472; baseline 0.002 -20"><span class='ocrx_word' id='word_1_2' title='bbox 188 368 330 454; x_wconf 79' lang='lat' dir='ltr'><strong>deiectos</strong></span> <span class='ocrx_word' id='word_1_3' title='bbox 355 411 410 456; x_wconf 89' lang='lat' dir='ltr'><strong>eos</strong></span> <span class='ocrx_word' id='word_1_4' title='bbox 440 411 511 454; x_wconf 90' lang='lat' dir='ltr'><strong>esse</strong></span> <span class='ocrx_word' id='word_1_5' title='bbox 540 391 581 456; x_wconf 89' lang='lat' dir='ltr'><strong>ad</strong></span> <span class='ocrx_word' id='word_1_6' title='bbox 611 411 747 456; x_wconf 87' lang='lat' dir='ltr'><strong>munera</strong></span> <span class='ocrx_word' id='word_1_7' title='bbox 776 391 944 456; x_wconf 84' lang='lat' dir='ltr'><strong>cotidiana</strong></span> <span class='ocrx_word' id='word_1_8' title='bbox 972 390 1157 472; x_wconf 81' lang='lat' dir='ltr'><strong>exequenda</strong></span> <span class='ocrx_word' id='word_1_9' title='bbox 1190 395 1223 455; x_wconf 90' lang='lat' dir='ltr'><strong>et</strong></span> <span class='ocrx_word' id='word_1_10' title='bbox 1250 390 1362 455; x_wconf 81' lang='lat' dir='ltr'><strong>oifieia</strong></span> 
     </span>
     <span class='ocr_line' id='line_1_3' title="bbox 188 496 1363 580; baseline 0.001 -20"><span class='ocrx_word' id='word_1_11' title='bbox 188 498 418 580; x_wconf 85' lang='lat' dir='ltr'><strong>perpetranda.</strong></span> <span class='ocrx_word' id='word_1_12' title='bbox 467 497 586 578; x_wconf 88' lang='lat' dir='ltr'><strong>Itaque</strong></span> <span class='ocrx_word' id='word_1_13' title='bbox 616 520 680 562; x_wconf 90' lang='lat' dir='ltr'><strong>non</strong></span> <span class='ocrx_word' id='word_1_14' title='bbox 713 499 829 562; x_wconf 89' lang='lat' dir='ltr'><strong>mirum</strong></span> <span class='ocrx_word' id='word_1_15' title='bbox 858 503 923 567; x_wconf 80' lang='lat' dir='ltr'><strong>est,</strong></span> <span class='ocrx_word' id='word_1_16' title='bbox 954 497 1043 580; x_wconf 93' lang='lat' dir='ltr'><strong>quod</strong></span> <span class='ocrx_word' id='word_1_17' title='bbox 1072 499 1105 562; x_wconf 92' lang='lat' dir='ltr'><strong>iu</strong></span> <span class='ocrx_word' id='word_1_18' title='bbox 1134 496 1234 562; x_wconf 87' lang='lat' dir='ltr'><strong>titulo</strong></span> <span class='ocrx_word' id='word_1_19' title='bbox 1262 519 1363 580; x_wconf 81' lang='lat' dir='ltr'><strong>supra</strong></span> 
     </span>
     <span class='ocr_line' id='line_1_4' title="bbox 186 603 1362 687; baseline 0 -19"><span class='ocrx_word' id='word_1_20' title='bbox 186 604 256 686; x_wconf 89' lang='lat' dir='ltr'><strong>jam</strong></span> <span class='ocrx_word' id='word_1_21' title='bbox 281 605 383 669; x_wconf 85' lang='lat' dir='ltr'><strong>citato</strong></span> <span class='ocrx_word' id='word_1_22' title='bbox 408 603 584 686; x_wconf 76' lang='lat' dir='ltr'><strong>damiurgis</strong></span> <span class='ocrx_word' id='word_1_23' title='bbox 608 603 925 687; x_wconf 81' lang='lat' dir='ltr'><strong>Aegostlrenitarum</strong></span> <span class='ocrx_word' id='word_1_24' title='bbox 949 604 1141 670; x_wconf 88' lang='lat' dir='ltr'><strong>mandatnm</strong></span> <span class='ocrx_word' id='word_1_25' title='bbox 1164 611 1222 672; x_wconf 84' lang='lat' dir='ltr'><strong>est.</strong></span> <span class='ocrx_word' id='word_1_26' title='bbox 1248 611 1284 670; x_wconf 91' lang='lat' dir='ltr'><strong>ut</strong></span> <span class='ocrx_word' id='word_1_27' title='bbox 1308 605 1362 668; x_wconf 65' lang='lat' dir='ltr'><strong>dess</strong></span> 
     </span>
     <span class='ocr_line' id='line_1_5' title="bbox 188 695 1279 797; baseline 0.002 -23"><span class='ocrx_word' id='word_1_28' title='bbox 188 717 315 776; x_wconf 87' lang='lat' dir='ltr'><strong>oretum</strong></span> <span class='ocrx_word' id='word_1_29' title='bbox 340 709 548 776; x_wconf 81' lang='lat' dir='ltr'><strong>incidendum</strong></span> <span class='ocrx_word' id='word_1_30' title='bbox 574 695 674 795; x_wconf 85' lang='lat' dir='ltr'><strong>atque</strong></span> <span class='ocrx_word' id='word_1_31' title='bbox 698 712 883 778; x_wconf 80' lang='lat' dir='ltr'><strong>columnam</strong></span> <span class='ocrx_word' id='word_1_32' title='bbox 908 711 1093 797; x_wconf 86' lang='lat' dir='ltr'><strong>ponendam</strong></span> <span class='ocrx_word' id='word_1_33' title='bbox 1116 719 1279 778; x_wconf 81' lang='lat' dir='ltr'><strong>curarent.</strong></span> 
     </span>
    </p>
   </div>
   <div class='ocr_carea' id='block_1_3' title="bbox 433 1151 1113 1417">
    <p class='ocr_par' dir='ltr' id='par_1_3' title="bbox 433 1151 1113 1417">
     <span class='ocr_line' id='line_1_6' title="bbox 695 1151 853 1238; baseline -0.013 -19"><span class='ocrx_word' id='word_1_34' title='bbox 695 1152 776 1238; x_wconf 77' lang='lat' dir='ltr'><strong>dau.</strong></span> <span class='ocrx_word' id='word_1_35' title='bbox 801 1151 853 1218; x_wconf 82' lang='lat' dir='ltr'>ll.&#39;</span> 
     </span>
     <span class='ocr_line' id='line_1_7' title="bbox 433 1312 1113 1417; baseline 0 -25"><span class='ocrx_word' id='word_1_36' title='bbox 433 1312 481 1392; x_wconf 81' lang='lat' dir='ltr'><strong>tte</strong></span> <span class='ocrx_word' id='word_1_37' title='bbox 511 1312 781 1410; x_wconf 68' lang='lat' dir='ltr'><strong>mameranus</strong></span> <span class='ocrx_word' id='word_1_38' title='bbox 809 1314 1113 1417; x_wconf 79' lang='lat' dir='ltr'><strong>eteuratoribns.</strong></span> 
     </span>
    </p>
   </div>
   <div class='ocr_carea' id='block_1_4' title="bbox 187 1471 1362 3817">
    <p class='ocr_par' dir='ltr' id='par_1_4' title="bbox 187 1471 1362 2089">
     <span class='ocr_line' id='line_1_8' title="bbox 293 1471 1361 1555; baseline -0.001 -19"><span class='ocrx_word' id='word_1_39' title='bbox 293 1472 534 1555; x_wconf 81' lang='lat' dir='ltr'><strong>Megarensium</strong></span> <span class='ocrx_word' id='word_1_40' title='bbox 559 1471 811 1554; x_wconf 78' lang='lat' dir='ltr'><strong>magistratuum</strong></span> <span class='ocrx_word' id='word_1_41' title='bbox 837 1473 930 1536; x_wconf 82' lang='lat' dir='ltr'><strong>varia</strong></span> <span class='ocrx_word' id='word_1_42' title='bbox 954 1495 1072 1554; x_wconf 83' lang='lat' dir='ltr'><strong>genera</strong></span> <span class='ocrx_word' id='word_1_43' title='bbox 1104 1473 1252 1552; x_wconf 78' lang='lat' dir='ltr'><strong>fuerunt3</strong></span> <span class='ocrx_word' id='word_1_44' title='bbox 1281 1494 1361 1554; x_wconf 91' lang='lat' dir='ltr'><strong>quo·</strong></span> 
     </span>
     <span class='ocr_line' id='line_1_9' title="bbox 187 1578 1362 1662; baseline 0 -20"><span class='ocrx_word' id='word_1_45' title='bbox 187 1601 260 1643; x_wconf 92' lang='lat' dir='ltr'><strong>rum</strong></span> <span class='ocrx_word' id='word_1_46' title='bbox 284 1579 490 1662; x_wconf 88' lang='lat' dir='ltr'><strong>singulorum</strong></span> <span class='ocrx_word' id='word_1_47' title='bbox 514 1586 668 1642; x_wconf 89' lang='lat' dir='ltr'><strong>naturam</strong></span> <span class='ocrx_word' id='word_1_48' title='bbox 700 1585 800 1660; x_wconf 86' lang='lat' dir='ltr'><strong>atque</strong></span> <span class='ocrx_word' id='word_1_49' title='bbox 829 1579 939 1644; x_wconf 83' lang='lat' dir='ltr'><strong>officia</strong></span> <span class='ocrx_word' id='word_1_50' title='bbox 967 1579 1100 1646; x_wconf 78' lang='lat' dir='ltr'><strong>definire</strong></span> <span class='ocrx_word' id='word_1_51' title='bbox 1132 1578 1362 1644; x_wconf 80' lang='lat' dir='ltr'><strong>difficillimum</strong></span> 
     </span>
     <span class='ocr_line' id='line_1_10' title="bbox 187 1685 1361 1770; baseline -0.001 -21"><span class='ocrx_word' id='word_1_52' title='bbox 187 1693 246 1750; x_wconf 90' lang='lat' dir='ltr'><strong>est.</strong></span> <span class='ocrx_word' id='word_1_53' title='bbox 294 1685 409 1768; x_wconf 82' lang='lat' dir='ltr'><strong>Neque</strong></span> <span class='ocrx_word' id='word_1_54' title='bbox 443 1686 634 1768; x_wconf 88' lang='lat' dir='ltr'><strong>plerumque</strong></span> <span class='ocrx_word' id='word_1_55' title='bbox 670 1686 770 1749; x_wconf 82' lang='lat' dir='ltr'><strong>certis</strong></span> <span class='ocrx_word' id='word_1_56' title='bbox 805 1686 1004 1751; x_wconf 78' lang='lat' dir='ltr'><strong>testimoniis</strong></span> <span class='ocrx_word' id='word_1_57' title='bbox 1040 1686 1251 1770; x_wconf 78' lang='lat' dir='ltr'><strong>eognosoitur</strong></span> <span class='ocrx_word' id='word_1_58' title='bbox 1295 1707 1361 1767; x_wconf 86' lang='lat' dir='ltr'><strong>qua</strong></span> 
     </span>
     <span class='ocr_line' id='line_1_11' title="bbox 188 1793 1361 1877; baseline 0 -21"><span class='ocrx_word' id='word_1_59' title='bbox 188 1793 329 1873; x_wconf 83' lang='lat' dir='ltr'><strong>ratione,</strong></span> <span class='ocrx_word' id='word_1_60' title='bbox 355 1793 443 1875; x_wconf 91' lang='lat' dir='ltr'><strong>quod</strong></span> <span class='ocrx_word' id='word_1_61' title='bbox 467 1794 500 1856; x_wconf 93' lang='lat' dir='ltr'><strong>in</strong></span> <span class='ocrx_word' id='word_1_62' title='bbox 525 1793 849 1876; x_wconf 31' lang='lat' dir='ltr'><strong>tempor·is·spatium</strong></span> <span class='ocrx_word' id='word_1_63' title='bbox 874 1794 978 1857; x_wconf 84' lang='lat' dir='ltr'><strong>creati</strong></span> <span class='ocrx_word' id='word_1_64' title='bbox 995 1794 1069 1858; x_wconf 89' lang='lat' dir='ltr'><strong>sint.</strong></span> <span class='ocrx_word' id='word_1_65' title='bbox 1116 1793 1236 1877; x_wconf 88' lang='lat' dir='ltr'><strong>Itaque</strong></span> <span class='ocrx_word' id='word_1_66' title='bbox 1253 1793 1361 1857; x_wconf 83' lang='lat' dir='ltr'><strong>faeere</strong></span> 
     </span>
     <span class='ocr_line' id='line_1_12' title="bbox 187 1899 1359 1984; baseline 0.001 -22"><span class='ocrx_word' id='word_1_67' title='bbox 187 1921 249 1963; x_wconf 92' lang='lat' dir='ltr'><strong>non</strong></span> <span class='ocrx_word' id='word_1_68' title='bbox 274 1922 422 1984; x_wconf 85' lang='lat' dir='ltr'><strong>possum,</strong></span> <span class='ocrx_word' id='word_1_69' title='bbox 446 1901 526 1982; x_wconf 88' lang='lat' dir='ltr'><strong>quin</strong></span> <span class='ocrx_word' id='word_1_70' title='bbox 550 1921 782 1981; x_wconf 91' lang='lat' dir='ltr'><strong>nonnunquam</strong></span> <span class='ocrx_word' id='word_1_71' title='bbox 805 1899 847 1964; x_wconf 90' lang='lat' dir='ltr'><strong>ad</strong></span> <span class='ocrx_word' id='word_1_72' title='bbox 871 1900 1076 1984; x_wconf 88' lang='lat' dir='ltr'><strong>analogiam,</strong></span> <span class='ocrx_word' id='word_1_73' title='bbox 1106 1923 1191 1983; x_wconf 91' lang='lat' dir='ltr'><strong>quae</strong></span> <span class='ocrx_word' id='word_1_74' title='bbox 1216 1905 1359 1980; x_wconf 84' lang='lat' dir='ltr'><strong>vocatur,</strong></span> 
     </span>
     <span class='ocr_line' id='line_1_13' title="bbox 188 2007 719 2089; baseline -0.002 -18"><span class='ocrx_word' id='word_1_75' title='bbox 188 2013 222 2071; x_wconf 91' lang='lat' dir='ltr'><strong>et</strong></span> <span class='ocrx_word' id='word_1_76' title='bbox 246 2007 288 2071; x_wconf 88' lang='lat' dir='ltr'><strong>ad</strong></span> <span class='ocrx_word' id='word_1_77' title='bbox 312 2007 518 2089; x_wconf 86' lang='lat' dir='ltr'><strong>eonjeoturas</strong></span> <span class='ocrx_word' id='word_1_78' title='bbox 542 2027 719 2071; x_wconf 84' lang='lat' dir='ltr'><strong>recurram.</strong></span> 
     </span>
    </p>

    <p class='ocr_par' dir='ltr' id='par_1_5' title="bbox 187 2112 1362 2821">
     <span class='ocr_line' id='line_1_14' title="bbox 294 2112 1361 2198; baseline 0 -21"><span class='ocrx_word' id='word_1_79' title='bbox 294 2115 387 2178; x_wconf 87' lang='lat' dir='ltr'><strong>Inter</strong></span> <span class='ocrx_word' id='word_1_80' title='bbox 411 2115 625 2196; x_wconf 77' lang='lat' dir='ltr'><strong>magistratus</strong></span> <span class='ocrx_word' id='word_1_81' title='bbox 649 2112 873 2193; x_wconf 86' lang='lat' dir='ltr'><strong>distinguendi</strong></span> <span class='ocrx_word' id='word_1_82' title='bbox 898 2120 975 2178; x_wconf 89' lang='lat' dir='ltr'><strong>sunt</strong></span> <span class='ocrx_word' id='word_1_83' title='bbox 1007 2115 1156 2198; x_wconf 85' lang='lat' dir='ltr'><strong>majores,</strong></span> <span class='ocrx_word' id='word_1_84' title='bbox 1187 2115 1208 2178; x_wconf 87' lang='lat' dir='ltr'><strong>i.</strong></span> <span class='ocrx_word' id='word_1_85' title='bbox 1241 2136 1267 2178; x_wconf 91' lang='lat' dir='ltr'><strong>e.</strong></span> <span class='ocrx_word' id='word_1_86' title='bbox 1303 2115 1361 2196; x_wconf 91' lang='lat' dir='ltr'><strong>qui</strong></span> 
     </span>
     <span class='ocr_line' id='line_1_15' title="bbox 188 2220 1361 2304; baseline 0 -18"><span class='ocrx_word' id='word_1_87' title='bbox 188 2221 337 2304; x_wconf 82' lang='lat' dir='ltr'><strong>eponymi</strong></span> <span class='ocrx_word' id='word_1_88' title='bbox 362 2227 438 2286; x_wconf 87' lang='lat' dir='ltr'><strong>sunt</strong></span> <span class='ocrx_word' id='word_1_89' title='bbox 461 2221 512 2284; x_wconf 89' lang='lat' dir='ltr'><strong>vel</strong></span> <span class='ocrx_word' id='word_1_90' title='bbox 546 2220 713 2303; x_wconf 81' lang='lat' dir='ltr'><strong>eponymis</strong></span> <span class='ocrx_word' id='word_1_91' title='bbox 744 2221 938 2303; x_wconf 89' lang='lat' dir='ltr'><strong>plerumque</strong></span> <span class='ocrx_word' id='word_1_92' title='bbox 966 2221 1212 2300; x_wconf 80' lang='lat' dir='ltr'><strong>adscribuntur3</strong></span> <span class='ocrx_word' id='word_1_93' title='bbox 1245 2220 1361 2286; x_wconf 88' lang='lat' dir='ltr'><strong>deinde</strong></span> 
     </span>
     <span class='ocr_line' id='line_1_16' title="bbox 187 2325 1359 2412; baseline 0 -20"><span class='ocrx_word' id='word_1_94' title='bbox 187 2328 339 2406; x_wconf 70' lang='lat' dir='ltr'><strong>minores</strong></span> <span class='ocrx_word' id='word_1_95' title='bbox 362 2335 432 2392; x_wconf 90' lang='lat' dir='ltr'><strong>tum</strong></span> <span class='ocrx_word' id='word_1_96' title='bbox 456 2325 688 2391; x_wconf 78' lang='lat' dir='ltr'><strong>sacerdotales.</strong></span> <span class='ocrx_word' id='word_1_97' title='bbox 735 2327 878 2392; x_wconf 89' lang='lat' dir='ltr'><strong>Aeoedit</strong></span> <span class='ocrx_word' id='word_1_98' title='bbox 902 2328 1067 2410; x_wconf 83' lang='lat' dir='ltr'><strong>quoddam</strong></span> <span class='ocrx_word' id='word_1_99' title='bbox 1095 2335 1197 2412; x_wconf 86' lang='lat' dir='ltr'><strong>genus</strong></span> <span class='ocrx_word' id='word_1_100' title='bbox 1229 2328 1359 2410; x_wconf 81' lang='lat' dir='ltr'><strong>nivium,</strong></span> 
     </span>
     <span class='ocr_line' id='line_1_17' title="bbox 188 2433 1360 2518; baseline -0.001 -20"><span class='ocrx_word' id='word_1_101' title='bbox 188 2435 309 2517; x_wconf 88' lang='lat' dir='ltr'><strong>quibus</strong></span> <span class='ocrx_word' id='word_1_102' title='bbox 332 2434 374 2498; x_wconf 85' lang='lat' dir='ltr'><strong>ad</strong></span> <span class='ocrx_word' id='word_1_103' title='bbox 398 2439 522 2497; x_wconf 87' lang='lat' dir='ltr'><strong>eertum</strong></span> <span class='ocrx_word' id='word_1_104' title='bbox 546 2439 674 2514; x_wconf 86' lang='lat' dir='ltr'><strong>tempus</strong></span> <span class='ocrx_word' id='word_1_105' title='bbox 698 2455 778 2497; x_wconf 83' lang='lat' dir='ltr'><strong>eura</strong></span> <span class='ocrx_word' id='word_1_106' title='bbox 802 2433 941 2498; x_wconf 87' lang='lat' dir='ltr'><strong>alieuius</strong></span> <span class='ocrx_word' id='word_1_107' title='bbox 965 2434 1013 2498; x_wconf 89' lang='lat' dir='ltr'><strong>rei</strong></span> <span class='ocrx_word' id='word_1_108' title='bbox 1035 2435 1147 2518; x_wconf 86' lang='lat' dir='ltr'><strong>populi</strong></span> <span class='ocrx_word' id='word_1_109' title='bbox 1160 2436 1254 2518; x_wconf 89' lang='lat' dir='ltr'><strong>jussu</strong></span> <span class='ocrx_word' id='word_1_110' title='bbox 1271 2457 1360 2498; x_wconf 91' lang='lat' dir='ltr'><strong>man·</strong></span> 
     </span>
     <span class='ocr_line' id='line_1_18' title="bbox 189 2540 1362 2624; baseline 0 -18"><span class='ocrx_word' id='word_1_111' title='bbox 189 2542 301 2620; x_wconf 80' lang='lat' dir='ltr'><strong>datur3</strong></span> <span class='ocrx_word' id='word_1_112' title='bbox 326 2541 418 2605; x_wconf 82' lang='lat' dir='ltr'><strong>ouius</strong></span> <span class='ocrx_word' id='word_1_113' title='bbox 442 2540 571 2622; x_wconf 88' lang='lat' dir='ltr'><strong>generis</strong></span> <span class='ocrx_word' id='word_1_114' title='bbox 595 2547 670 2604; x_wconf 90' lang='lat' dir='ltr'><strong>sunt</strong></span> <span class='ocrx_word' id='word_1_115' title='bbox 694 2540 814 2619; x_wconf 77' lang='lat' dir='ltr'><strong>theori3</strong></span> <span class='ocrx_word' id='word_1_116' title='bbox 841 2540 899 2605; x_wconf 90' lang='lat' dir='ltr'><strong>hos</strong></span> <span class='ocrx_word' id='word_1_117' title='bbox 924 2563 1049 2618; x_wconf 86' lang='lat' dir='ltr'><strong>omnes,</strong></span> <span class='ocrx_word' id='word_1_118' title='bbox 1082 2541 1138 2623; x_wconf 92' lang='lat' dir='ltr'><strong>qui</strong></span> <span class='ocrx_word' id='word_1_119' title='bbox 1168 2564 1232 2606; x_wconf 92' lang='lat' dir='ltr'><strong>non</strong></span> <span class='ocrx_word' id='word_1_120' title='bbox 1260 2543 1362 2624; x_wconf 88' lang='lat' dir='ltr'><strong>magi·</strong></span> 
     </span>
     <span class='ocr_line' id='line_1_19' title="bbox 190 2647 1362 2731; baseline 0.004 -18"><span class='ocrx_word' id='word_1_121' title='bbox 190 2654 314 2714; x_wconf 88' lang='lat' dir='ltr'><strong>stratus</strong></span> <span class='ocrx_word' id='word_1_122' title='bbox 338 2647 469 2729; x_wconf 88' lang='lat' dir='ltr'><strong>quidem</strong></span> <span class='ocrx_word' id='word_1_123' title='bbox 494 2653 579 2725; x_wconf 87' lang='lat' dir='ltr'><strong>sunt,</strong></span> <span class='ocrx_word' id='word_1_124' title='bbox 605 2647 659 2710; x_wconf 90' lang='lat' dir='ltr'><strong>sed</strong></span> <span class='ocrx_word' id='word_1_125' title='bbox 682 2647 934 2729; x_wconf 83' lang='lat' dir='ltr'><strong>magistratuum</strong></span> <span class='ocrx_word' id='word_1_126' title='bbox 951 2647 1082 2726; x_wconf 76' lang='lat' dir='ltr'><strong>similae,</strong></span> <span class='ocrx_word' id='word_1_127' title='bbox 1108 2654 1272 2731; x_wconf 89' lang='lat' dir='ltr'><strong>postremo</strong></span> <span class='ocrx_word' id='word_1_128' title='bbox 1289 2652 1362 2718; x_wconf 89' lang='lat' dir='ltr'><strong>loeo</strong></span> 
     </span>
     <span class='ocr_line' id='line_1_20' title="bbox 191 2754 355 2821; baseline -0.024 0"><span class='ocrx_word' id='word_1_129' title='bbox 191 2754 355 2821; x_wconf 77' lang='lat' dir='ltr'><strong>tractabo.</strong></span> 
     </span>
    </p>

    <p class='ocr_par' dir='ltr' id='par_1_6' title="bbox 296 2861 800 2946">
     <span class='ocr_line' id='line_1_21' title="bbox 296 2861 800 2946; baseline -0.002 -20"><span class='ocrx_word' id='word_1_130' title='bbox 296 2861 443 2926; x_wconf 83' lang='lat' dir='ltr'><strong>Dicimus</strong></span> <span class='ocrx_word' id='word_1_131' title='bbox 467 2863 570 2944; x_wconf 90' lang='lat' dir='ltr'><strong>igitur</strong></span> <span class='ocrx_word' id='word_1_132' title='bbox 594 2861 654 2925; x_wconf 87' lang='lat' dir='ltr'><strong>hoe</strong></span> <span class='ocrx_word' id='word_1_133' title='bbox 678 2865 800 2946; x_wconf 85' lang='lat' dir='ltr'><strong>eapite:</strong></span> 
     </span>
    </p>

    <p class='ocr_par' dir='ltr' id='par_1_7' title="bbox 349 2952 942 3054">
     <span class='ocr_line' id='line_1_22' title="bbox 349 2952 942 3054; baseline 0.003 -22"><span class='ocrx_word' id='word_1_134' title='bbox 349 2952 400 3032; x_wconf 55' lang='lat' dir='ltr'><strong>A:</strong></span> <span class='ocrx_word' id='word_1_135' title='bbox 419 2967 458 3032; x_wconf 91' lang='lat' dir='ltr'><strong>de</strong></span> <span class='ocrx_word' id='word_1_136' title='bbox 481 2968 735 3050; x_wconf 84' lang='lat' dir='ltr'><strong>magistratibus</strong></span> <span class='ocrx_word' id='word_1_137' title='bbox 759 2971 942 3054; x_wconf 81' lang='lat' dir='ltr'><strong>eponymis3</strong></span> 
     </span>
    </p>

    <p class='ocr_par' dir='ltr' id='par_1_8' title="bbox 354 3074 956 3156">
     <span class='ocr_line' id='line_1_23' title="bbox 354 3074 956 3156; baseline 0.003 -18"><span class='ocrx_word' id='word_1_138' title='bbox 354 3075 394 3138; x_wconf 91' lang='lat' dir='ltr'><strong>B.</strong></span> <span class='ocrx_word' id='word_1_139' title='bbox 419 3074 460 3138; x_wconf 90' lang='lat' dir='ltr'><strong>de</strong></span> <span class='ocrx_word' id='word_1_140' title='bbox 484 3075 735 3156; x_wconf 86' lang='lat' dir='ltr'><strong>magistratibus</strong></span> <span class='ocrx_word' id='word_1_141' title='bbox 759 3076 956 3153; x_wconf 74' lang='lat' dir='ltr'><strong>minoribus3</strong></span> 
     </span>
    </p>

    <p class='ocr_par' dir='ltr' id='par_1_9' title="bbox 356 3179 1033 3263">
     <span class='ocr_line' id='line_1_24' title="bbox 356 3179 1033 3263; baseline 0.006 -19"><span class='ocrx_word' id='word_1_142' title='bbox 356 3179 391 3244; x_wconf 79' lang='lat' dir='ltr'><strong>O.</strong></span> <span class='ocrx_word' id='word_1_143' title='bbox 417 3180 457 3244; x_wconf 93' lang='lat' dir='ltr'><strong>de</strong></span> <span class='ocrx_word' id='word_1_144' title='bbox 480 3181 732 3262; x_wconf 87' lang='lat' dir='ltr'><strong>magistratibus</strong></span> <span class='ocrx_word' id='word_1_145' title='bbox 757 3183 1033 3263; x_wconf 81' lang='lat' dir='ltr'><strong>sacerdotalibus3</strong></span> 
     </span>
    </p>

    <p class='ocr_par' dir='ltr' id='par_1_10' title="bbox 348 3271 1124 3355">
     <span class='ocr_line' id='line_1_25' title="bbox 348 3271 1124 3355; baseline 0.005 -3"><span class='ocrx_word' id='word_1_146' title='bbox 348 3288 390 3353; x_wconf 93' lang='lat' dir='ltr'><strong>D.</strong></span> <span class='ocrx_word' id='word_1_147' title='bbox 416 3288 457 3352; x_wconf 91' lang='lat' dir='ltr'><strong>de</strong></span> <span class='ocrx_word' id='word_1_148' title='bbox 481 3288 689 3352; x_wconf 81' lang='lat' dir='ltr'><strong>curatoribus</strong></span> <span class='ocrx_word' id='word_1_149' title='bbox 714 3297 747 3354; x_wconf 88' lang='lat' dir='ltr'><strong>et</strong></span> <span class='ocrx_word' id='word_1_150' title='bbox 771 3291 904 3355; x_wconf 81' lang='lat' dir='ltr'><strong>theoria.</strong></span> <span class='ocrx_word' id='word_1_151' title='bbox 1121 3271 1124 3273; x_wconf 29' lang='grc'><strong>’</strong></span> 
     </span>
    </p>

    <p class='ocr_par' dir='ltr' id='par_1_11' title="bbox 190 3393 1362 3673">
     <span class='ocr_line' id='line_1_26' title="bbox 279 3393 1362 3480; baseline 0.005 -22"><span class='ocrx_word' id='word_1_152' title='bbox 279 3393 342 3459; x_wconf 88' lang='lat' dir='ltr'><strong>Sed</strong></span> <span class='ocrx_word' id='word_1_153' title='bbox 374 3401 550 3477; x_wconf 88' lang='lat' dir='ltr'><strong>antequam</strong></span> <span class='ocrx_word' id='word_1_154' title='bbox 579 3393 618 3458; x_wconf 90' lang='lat' dir='ltr'><strong>de</strong></span> <span class='ocrx_word' id='word_1_155' title='bbox 647 3396 786 3478; x_wconf 81' lang='lat' dir='ltr'><strong>singulis</strong></span> <span class='ocrx_word' id='word_1_156' title='bbox 818 3397 980 3480; x_wconf 86' lang='lat' dir='ltr'><strong>disputem</strong></span> <span class='ocrx_word' id='word_1_157' title='bbox 1016 3398 1212 3463; x_wconf 87' lang='lat' dir='ltr'><strong>mentionem</strong></span> <span class='ocrx_word' id='word_1_158' title='bbox 1244 3399 1362 3465; x_wconf 83' lang='lat' dir='ltr'><strong>faciam</strong></span> 
     </span>
     <span class='ocr_line' id='line_1_27' title="bbox 192 3501 1361 3586; baseline 0.006 -22"><span class='ocrx_word' id='word_1_159' title='bbox 192 3501 449 3584; x_wconf 82' lang='lat' dir='ltr'><strong>synarohiarnm,</strong></span> <span class='ocrx_word' id='word_1_160' title='bbox 475 3504 595 3585; x_wconf 88' lang='lat' dir='ltr'><strong>quippe</strong></span> <span class='ocrx_word' id='word_1_161' title='bbox 619 3524 703 3583; x_wconf 87' lang='lat' dir='ltr'><strong>qnae</strong></span> <span class='ocrx_word' id='word_1_162' title='bbox 727 3525 766 3566; x_wconf 87' lang='lat' dir='ltr'><strong>ex</strong></span> <span class='ocrx_word' id='word_1_163' title='bbox 791 3503 1040 3586; x_wconf 86' lang='lat' dir='ltr'><strong>magistratibus</strong></span> <span class='ocrx_word' id='word_1_164' title='bbox 1064 3505 1263 3570; x_wconf 80' lang='lat' dir='ltr'><strong>consociatis</strong></span> <span class='ocrx_word' id='word_1_165' title='bbox 1287 3528 1361 3571; x_wconf 89' lang='lat' dir='ltr'><strong>oon·</strong></span> 
     </span>
     <span class='ocr_line' id='line_1_28' title="bbox 190 3609 347 3673; baseline 0 -1"><span class='ocrx_word' id='word_1_166' title='bbox 190 3609 347 3673; x_wconf 88' lang='lat' dir='ltr'><strong>stiterint.</strong></span> 
     </span>
    </p>

    <p class='ocr_par' dir='ltr' id='par_1_12' title="bbox 620 3733 935 3817">
     <span class='ocr_line' id='line_1_29' title="bbox 620 3733 935 3817; baseline -0.003 -19"><span class='ocrx_word' id='word_1_167' title='bbox 620 3733 676 3799; x_wconf 92' lang='lat' dir='ltr'><strong>De</strong></span> <span class='ocrx_word' id='word_1_168' title='bbox 702 3735 935 3817; x_wconf 84' lang='lat' dir='ltr'><strong>synarohiis.</strong></span> 
     </span>
    </p>
   </div>
   <div class='ocr_carea' id='block_1_5' title="bbox 189 3858 1363 4265">
    <p class='ocr_par' dir='ltr' id='par_1_13' title="bbox 189 3858 1363 4265">
     <span class='ocr_line' id='line_1_30' title="bbox 297 3858 1361 3943; baseline 0.001 -22"><span class='ocrx_word' id='word_1_169' title='bbox 297 3858 337 3921; x_wconf 89' lang='lat' dir='ltr'><strong>In</strong></span> <span class='ocrx_word' id='word_1_170' title='bbox 377 3858 505 3922; x_wconf 88' lang='lat' dir='ltr'><strong>duabus</strong></span> <span class='ocrx_word' id='word_1_171' title='bbox 540 3858 791 3942; x_wconf 80' lang='lat' dir='ltr'><strong>incriptionibus</strong></span> <span class='ocrx_word' id='word_1_172' title='bbox 828 3860 1022 3943; x_wconf 87' lang='lat' dir='ltr'><strong>synarehiae</strong></span> <span class='ocrx_word' id='word_1_173' title='bbox 1056 3866 1361 3924; x_wconf 78' lang='lat' dir='ltr'><strong>commemorantur.</strong></span> 
     </span>
     <span class='ocr_line' id='line_1_31' title="bbox 189 3963 1362 4050; baseline 0.001 -23"><span class='ocrx_word' id='word_1_174' title='bbox 189 3963 230 4028; x_wconf 90' lang='lat' dir='ltr'><strong>In</strong></span> <span class='ocrx_word' id='word_1_175' title='bbox 263 3963 399 4049; x_wconf 72' lang='lat' dir='ltr'><strong>altera¹)</strong></span> <span class='ocrx_word' id='word_1_176' title='bbox 430 3965 651 4048; x_wconf 81' lang='lat' dir='ltr'><strong>Aegosthenis</strong></span> <span class='ocrx_word' id='word_1_177' title='bbox 687 3965 820 4030; x_wconf 89' lang='lat' dir='ltr'><strong>inventa</strong></span> <span class='ocrx_word' id='word_1_178' title='bbox 855 3966 1049 4050; x_wconf 82' lang='lat' dir='ltr'><strong>synanchiae</strong></span> <span class='ocrx_word' id='word_1_179' title='bbox 1082 3965 1286 4049; x_wconf 87' lang='lat' dir='ltr'><strong>rogationem</strong></span> <span class='ocrx_word' id='word_1_180' title='bbox 1322 3964 1362 4028; x_wconf 91' lang='lat' dir='ltr'><strong>de</strong></span> 
     </span>
     <span class='ocr_line' id='line_1_32' title="bbox 190 4067 1363 4156; baseline 0.003 -23"><span class='ocrx_word' id='word_1_181' title='bbox 190 4070 334 4153; x_wconf 89' lang='lat' dir='ltr'><strong>hospitio</strong></span> <span class='ocrx_word' id='word_1_182' title='bbox 358 4071 490 4154; x_wconf 82' lang='lat' dir='ltr'><strong>publico</strong></span> <span class='ocrx_word' id='word_1_183' title='bbox 514 4073 548 4136; x_wconf 93' lang='lat' dir='ltr'><strong>in</strong></span> <span class='ocrx_word' id='word_1_184' title='bbox 571 4067 673 4136; x_wconf 87' lang='lat' dir='ltr'><strong>civem</strong></span> <span class='ocrx_word' id='word_1_185' title='bbox 689 4073 914 4156; x_wconf 86' lang='lat' dir='ltr'><strong>Megarensem</strong></span> <span class='ocrx_word' id='word_1_186' title='bbox 937 4073 1132 4140; x_wconf 84' lang='lat' dir='ltr'><strong>conferendo</strong></span> <span class='ocrx_word' id='word_1_187' title='bbox 1156 4073 1199 4138; x_wconf 89' lang='lat' dir='ltr'><strong>ad</strong></span> <span class='ocrx_word' id='word_1_188' title='bbox 1215 4078 1363 4146; x_wconf 87' lang='lat' dir='ltr'><strong>senatum</strong></span> 
     </span>
     <span class='ocr_line' id='line_1_33' title="bbox 191 4176 1362 4265; baseline 0.003 -25"><span class='ocrx_word' id='word_1_189' title='bbox 191 4176 310 4258; x_wconf 87' lang='lat' dir='ltr'><strong>ferunt,</strong></span> <span class='ocrx_word' id='word_1_190' title='bbox 339 4179 374 4242; x_wconf 88' lang='lat' dir='ltr'><strong>in</strong></span> <span class='ocrx_word' id='word_1_191' title='bbox 408 4179 516 4244; x_wconf 86' lang='lat' dir='ltr'><strong>altera</strong></span> <span class='ocrx_word' id='word_1_192' title='bbox 525 4177 552 4265; x_wconf 75' lang='lat'><strong>²)</strong></span> <span class='ocrx_word' id='word_1_193' title='bbox 582 4179 829 4262; x_wconf 87' lang='lat' dir='ltr'><strong>synarohiarum</strong></span> <span class='ocrx_word' id='word_1_194' title='bbox 856 4181 1099 4263; x_wconf 87' lang='lat' dir='ltr'><strong>Megarioarum</strong></span> <span class='ocrx_word' id='word_1_195' title='bbox 1127 4179 1267 4245; x_wconf 83' lang='lat' dir='ltr'><strong>oonsilio</strong></span> <span class='ocrx_word' id='word_1_196' title='bbox 1293 4179 1362 4244; x_wconf 88' lang='lat' dir='ltr'><strong>lau·</strong></span> 
     </span>
    </p>
   </div>
   <div class='ocr_carea' id='block_1_6' title="bbox 300 4371 881 4530">
    <p class='ocr_par' dir='ltr' id='par_1_14' title="bbox 300 4371 881 4530">
     <span class='ocr_line' id='line_1_34' title="bbox 303 4371 587 4442; baseline 0.004 -16"><span class='ocrx_word' id='word_1_197' title='bbox 303 4373 324 4441; x_wconf 83' lang='lat'><strong>¹)</strong></span> <span class='ocrx_word' id='word_1_198' title='bbox 343 4371 435 4442; x_wconf 83' lang='lat' dir='ltr'><strong>Raug.</strong></span> <span class='ocrx_word' id='word_1_199' title='bbox 455 4372 507 4426; x_wconf 89' lang='lat' dir='ltr'><strong>No.</strong></span> <span class='ocrx_word' id='word_1_200' title='bbox 529 4378 587 4427; x_wconf 73' lang='lat'><strong>704.</strong></span> 
     </span>
     <span class='ocr_line' id='line_1_35' title="bbox 300 4460 881 4530; baseline 0.005 -15"><span class='ocrx_word' id='word_1_201' title='bbox 300 4460 323 4530; x_wconf 54' lang='grc'><strong>9)</strong></span> <span class='ocrx_word' id='word_1_202' title='bbox 343 4460 464 4516; x_wconf 82' lang='lat' dir='ltr'><strong>Viseher</strong></span> <span class='ocrx_word' id='word_1_203' title='bbox 482 4461 572 4518; x_wconf 84' lang='lat' dir='ltr'><strong>Beitr.</strong></span> <span class='ocrx_word' id='word_1_204' title='bbox 593 4461 646 4517; x_wconf 87' lang='lat' dir='ltr'><strong>No.</strong></span> <span class='ocrx_word' id='word_1_205' title='bbox 666 4467 707 4518; x_wconf 63' lang='lat'><strong>47,</strong></span> <span class='ocrx_word' id='word_1_206' title='bbox 728 4461 797 4516; x_wconf 86' lang='lat' dir='ltr'><strong>Leb.</strong></span> <span class='ocrx_word' id='word_1_207' title='bbox 817 4469 881 4519; x_wconf 58' lang='lat' dir='ltr'><strong>aba.</strong></span> 
     </span>
    </p>
   </div>
   <div class='ocr_carea' id='block_1_7' title="bbox 0 0 1528 4878">
    <p class='ocr_par' dir='ltr' id='par_1_15' title="bbox 0 0 1528 4878">
     <span class='ocr_line' id='line_1_36' title="bbox 0 0 1528 4878; baseline 0 0"><span class='ocrx_word' id='word_1_208' title='bbox 0 0 1528 4878; x_wconf 95' lang='lat' dir='ltr'><strong> </strong></span> 
     </span>
    </p>
   </div>
  </div>
 </body>
</html>
