3048 4878
607 311 650 320 .-
697 276 829 358 25,

244 454 343 516 Dieat
366 454 418 518 hir
443 453 607 534 quispiam
632 451 731 514 etiam
755 449 943 514 sacerdotes
967 449 1074 512 titulis
1091 447 1309 530 praescriptos

136 584 215 640 esse,
247 583 351 642 neque
375 560 506 643 injuria.
554 557 617 623 Sed
641 557 692 620 illi
715 559 748 620 in
772 557 881 631 rebus,
907 577 991 639 quae
1015 556 1057 620 ad
1081 556 1215 620 deorum
1244 554 1309 618 oul-

136 675 208 732 tum
231 668 413 750 pertinent.
440 672 749 739 commemorantum
778 686 835 728 rex
868 669 977 728 autem
1010 669 1182 745 praeterea
1212 660 1310 724 otiam

137 797 222 839 anno
245 796 361 838 nomen
385 773 490 850 dedis
527 793 591 853 qua
627 792 665 834 ex
701 793 736 834 re
773 771 895 848 elucet,
932 792 1051 834 annum
1086 769 1213 833 civilem
1248 791 1311 832 non

139 882 235 946 modo
260 886 332 945 arte
361 879 569 961 conjunctum
594 877 695 942 luisse
718 899 792 941 enm
815 877 952 940 deornm
984 876 1090 939 cultu.
1123 875 1178 940 sed
1211 876 1310 940 etiam

140 1011 246 1072 regem
271 988 413 1070 primum
436 985 543 1050 locum
568 984 772 1066 aliquamdiu
796 983 976 1047 obtinuisse
1000 982 1050 1046 vel
1067 983 1153 1046 inter
1170 1003 1312 1046 summos

138 1095 356 1177 magistratus
379 1091 528 1156 habitum
554 1111 634 1156 esse.

246 1199 339 1279 Sunt,
365 1199 422 1281 qui
445 1203 563 1281 putent
586 1218 695 1280 regem
719 1199 752 1260 in
776 1198 873 1260 unius
897 1203 1024 1262 tantum
1049 1196 1101 1260 dei
1118 1195 1227 1260 offieio
1244 1217 1312 1260 ver-

141 1315 249 1374 satum
274 1327 346 1372 esse
370 1311 469 1387 atque
494 1305 549 1386 qui
575 1303 743 1386 Apollinis
765 1303 888 1367 cultum
905 1303 992 1386 regis
1009 1323 1106 1366 curae
1122 1303 1311 1366 mandatum

143 1417 242 1481 fnisse
266 1420 304 1479 nt
326 1412 477 1496 Delphis,
504 1410 631 1494 Siphni,
657 1409 831 1474 affirment.
880 1409 943 1474 Sed
973 1432 1046 1474 eum
1079 1409 1313 1492 imperatorum

139 1529 256 1602 aetate,
282 1543 348 1604 qua
370 1517 519 1604 βασιλεὺς
541 1519 649 1582 adhuc
672 1523 751 1597 erat,
778 1524 887 1582 tamen
903 1508 1064 1602 ἀρχιερεὺς
1086 1521 1142 1580 τοῦ
1168 1508 1313 1581 ’Μέλλω-

139 1653 193 1707 νος
204 1628 229 1714 ¹)
258 1628 354 1693 simul
385 1625 583 1706 inveniatur,
620 1626 701 1690 haee
731 1646 867 1696 munera
899 1630 957 1687 aut
986 1625 1116 1688 omuino
1147 1645 1314 1706 nunquam

141 1742 258 1800 curata
282 1757 359 1810 esse,
385 1740 443 1798 aut
466 1755 506 1798 ea
530 1733 710 1816 posteriore
739 1736 848 1796 aetate
873 1731 915 1794 ab
945 1753 981 1794 eo
1010 1731 1052 1795 ad
1083 1730 1176 1796 illum
1208 1753 1314 1796 saeer-

140 1842 250 1906 dntem
273 1841 436 1905 translata
460 1861 532 1904 esse
556 1839 767 1903 statuendum
791 1844 849 1902 est.

552 1982 609 2045 De
632 1980 903 2064 praetoribus.

248 2105 321 2192 Quo
346 2113 493 2192 tempore
517 2109 614 2190 primi
638 2107 881 2190 Megarensium
905 2113 1073 2189 praetores
1107 2108 1209 2170 creati
1239 2106 1314 2186 sint,

129 2219 208 2279 'non
232 2216 347 2297 liquet.
395 2215 632 2280 Verumtamen
648 2236 688 2282 ,ex
706 2235 752 2294 eo,
778 2213 1097 2297 quodin·vete1·ilms
1115 2213 1316 2279 coloniarum

150 2322 258 2386 titulis
282 2343 346 2386 non
369 2323 593 2402 inveniuntur,
619 2323 778 2406 suspicari
808 2343 993 2404 possumus
1027 2319 1113 2385 hune
1143 2321 1316 2406 magistra·

148 2436 220 2492 tum
243 2435 318 2511 post
347 2429 503 2493 deductas
528 2429 672 2492 colonias
697 2450 765 2492 esse
799 2425 995 2492 institutum.
1042 2417 1197 2492 Aeoedit.
1230 2428 1317 2510 quod

148 2535 181 2598 in
206 2535 280 2599 aliis
297 2556 427 2619 quoque
450 2535 652 2605 civitatibus,
677 2535 778 2598 veluti
796 2533 948 2614 Athenis,
974 2539 1162 2616 praetorum
1179 2517 1318 2617 collegia

141 2643 323 2707 re‘oentiore
355 2643 482 2706 demum
516 2649 661 2724 tempore
694 2643 845 2705 instituta
880 2642 1040 2705 videntur.
1092 2639 1192 2705 Certa
1225 2643 1317 2706 testi-

145 2751 255 2813 monia
290 2749 330 2813 de
365 2771 589 2812 suceessorum
621 2747 806 2812 Alexandri
842 2754 952 2812 aetate
989 2746 1116 2811 denium
1152 2747 1316 2814 habemus.

142 2855 301 2920 Existunt
339 2858 424 2920 enim
448 2856 553 2936 tituli,
595 2855 715 2937 quibus
755 2857 929 2937 quinorum
964 2861 1154 2937 praetorum
1189 2856 1319 2919 nomina

143 2963 363 3026 eontinentur.
411 2961 527 3046 Neque
552 2963 635 3027 falsa
660 2963 739 3026 mihi
756 2959 951 3046 Boeelrhii²)
976 2963 1166 3044 conjectura
1187 2961 1318 3027 videtur

145 3091 225 3149 esse,
251 3069 308 3151 qui
332 3069 418 3132 hune
443 3091 613 3134 numerum
637 3091 709 3133 eum
735 3069 969 3133 distributione
994 3067 1106 3150 populi
1125 3069 1157 3132 in
1175 3069 1318 3151 quinque

143 3197 247 3258 pagos
271 3177 411 3255 eoiifert3
436 3178 523 3260 quod
549 3177 679 3259 quidem
696 3175 935 3251 Plutarchusl)
959 3176 1143 3239 nominibus
1160 3198 1318 3258 pagorum

144 3283 258 3347 allatis
274 3282 479 3348 demonstrat
496 3291 595 3365 atque
609 3281 807 3366 zenobius)
824 3282 1017 3346 eorrfirmare
1031 3282 1168 3346 videtur.
1216 3283 1319 3346 Zeno-

147 3390 223 3454 bius
248 3390 332 3453 enim
357 3397 481 3472 narrat,
500 3391 721 3472 Megarenses,
748 3411 820 3452 eum
845 3388 963 3453 mulier
979 3388 1137 3470 <praedam
1154 3389 1319 3453 nobilissi-

106 3489 108 3496 ’
143 3519 197 3560 ma
222 3495 375 3561 Corinthi
401 3503 486 3561 esset
510 3504 654 3574 mortua,
680 3496 921 3578 quinquaginta
945 3494 1066 3558 liberos
1095 3496 1134 3557 ad
1166 3517 1318 3578 pompam

145 3603 314 3667 funebrem
335 3605 478 3676 misisse;
504 3603 581 3686 quid
608 3601 729 3685 igitur?
776 3601 893 3666 Nonne
917 3601 1078 3684 eonjieere
1095 3601 1182 3680 lieet,
1209 3603 1318 3666 distri·

148 3709 312 3774 bntionem
340 3712 372 3773 in
398 3713 541 3793 quinque
558 3713 676 3792 'partes
701 3711 849 3773 electioni
877 3708 1047 3772 subfuisse.

253 3815 473 3900 Temporibus
508 3815 670 3880 Demetrii
709 3837 764 3880 sex
800 3822 970 3898 praetores
1010 3822 1319 3896 conimemorantrn·;

145 3940 243 4004 quam
268 3945 335 3987 rem
352 3922 573 4005 Foueartusl)
596 3921 813 4005 probabiliter
829 3925 874 3985 ita
894 3922 1046 4005 explieat.
1072 3929 1108 3986 ut
1125 3923 1318 4005 suspicetur,

145 4029 233 4094 huno
264 4051 433 4094 numerum
463 4037 594 4094 anetum
629 4030 847 4094 remeandum
879 4051 951 4092 esse
982 4030 1024 4093 ad
1056 4051 1172 4092 novam
1206 4031 1319 4114 populi

144 4139 250 4146 ..-·..-.
275 4141 279 4145 .

256 4171 277 4235 ¹)
298 4171 327 4225 C.
348 4169 375 4224 J.
397 4171 445 4224 Gr.
468 4171 480 4222 Ι
504 4175 578 4226 ross.
604 4177 675 4223 uum

255 4259 277 4326 Ε)
298 4260 327 4312 (l.
348 4259 375 4312 J.
398 4259 498 4313 Graec.
518 4261 533 4313 I
556 4265 629 4312 lofr‘l.

254 4345 371 4415 ³)P1ut.
392 4352 500 4415 quaest.
521 4347 620 4401 Graec.
638 4347 737 4402 ¹XVII.

254 4435 278 4504 4)
293 4436 403 4490 'Zenob
424 4441 497 4491 cent.
517 4443 541 4490 5.
562 4441 585 4491 8.
627 4430 636 4446 '

254 4525 277 4596 l)
295 4524 382 4580 Fouc.
404 4527 504 4596 explic.
525 4525 573 4582 des
593 4527 675 4580 inser.
695 4545 721 4597 p.
744 4529 783 4582 14.
