3048 4878
263 1069 422 1184 Omnium
447 1113 523 1199 fere,
549 1120 662 1201 quiin
687 1119 897 1200 antiquorum
927 1118 1089 1182 institutis
1122 1119 1331 1202 moribusque

156 1225 371 1310 depingendis
396 1227 505 1291 studia
533 1226 786 1300 collocaverunt,
817 1225 904 1288 oculi
934 1226 967 1288 in
990 1225 1247 1290 Atheniensium
1275 1248 1331 1310 po·

154 1333 318 1398 tissimum
344 1340 376 1397 et
398 1332 735 1399 Lacedaemoniorum
759 1333 910 1396 civitates
935 1333 1081 1396 conversi
1106 1340 1196 1410 sunt,
1231 1354 1331 1415 quon·

155 1440 220 1504 iam
252 1439 368 1504 horum
401 1446 445 1525 et
462 1440 612 1521 potentia
635 1439 867 1506 luitmaxima
896 1444 928 1501 et
956 1459 1009 1501 res
1038 1444 1152 1520 gestae
1179 1439 1330 1522 dignissi-

154 1567 237 1624 mae,
279 1567 364 1628 quae
400 1547 587 1611 accuratius
622 1546 913 1628 investigarentur3
953 1545 1080 1609 accedit
1116 1546 1202 1627 quod
1237 1547 1329 1610 novis

155 1674 282 1736 semper
305 1653 413 1717 titulis
436 1654 578 1735 repertis
603 1673 767 1734 nunquam
792 1651 860 1714 fere
883 1652 1023 1714 materia
1053 1651 1246 1734 disputandi
1276 1651 1328 1716 de·

154 1757 232 1822 ficit.
280 1759 336 1822 Ad
362 1781 417 1822 eas
442 1781 553 1823 omnes
576 1759 737 1841 regiones
763 1777 847 1840 quae
870 1756 912 1822 ab
937 1758 1084 1839 antiquis
1115 1759 1331 1824 rariuscom-

155 1872 386 1936 memorantur.
423 1866 520 1949 pauci
545 1871 629 1942 sunt,
666 1865 722 1946 qui
759 1865 870 1928 studia
906 1865 1117 1944 contulerint;
1153 1886 1259 1948 neque
1294 1866 1328 1929 id

156 1973 288 2052 mirum3
312 1995 389 2038 nam
414 1973 442 2036 si
466 1974 539 2054 quis
563 1973 632 2036 eius
656 1972 801 2036 civitatis
825 1972 1019 2053 regionisve,
1054 1993 1138 2054 quae
1171 1972 1259 2036 haud
1283 1974 1331 2037 ita

157 2079 306 2159 multum,
325 2080 430 2143 valuit
445 2100 498 2142 res
522 2078 736 2161 perscrutari,
763 2078 917 2142 instituta
933 2077 1127 2158 describere,
1153 2101 1259 2144 mores
1272 2079 1329 2144 de·

157 2187 283 2250 lineare
308 2187 452 2250 animum
476 2186 611 2262 inducit,
638 2185 735 2248 facile
759 2185 891 2266 ingrata
914 2192 1196 2250 monumentorum
1219 2186 1331 2268 inopia

155 2293 357 2372 destituitur,
383 2291 546 2372 facileque
571 2292 633 2356 sibi
658 2292 843 2374 persuadet,
869 2293 968 2356 talem
992 2292 1255 2356 dissertationem
1272 2315 1330 2356 un-

155 2399 253 2481 dique
284 2399 379 2481 qnasi
408 2399 510 2481 spinis
542 2399 731 2481 obsaeptam
760 2419 844 2478 csse,
882 2405 919 2463 ut
951 2420 1053 2481 paene
1086 2399 1125 2462 de
1150 2398 1328 2464 enodandis

154 2505 409 2571 difficultatibus
445 2507 683 2588 desperandum
723 2507 779 2585 sit,
821 2507 1014 2588 praesertim
1052 2528 1125 2570 cum
1164 2528 1181 2570 e
1215 2507 1328 2589 paucis

154 2614 276 2696 passim
301 2614 459 2696 dispersis
484 2613 681 2677 testimoniis
706 2617 864 2676 accurata
895 2618 1038 2695 apteque
1069 2634 1192 2677 conexa
1219 2634 1329 2678 rerum

155 2722 274 2784 notitia
290 2743 355 2784 non
372 2721 478 2802 possit
494 2721 622 2785 hauriri
640 2719 777 2801 fierique
794 2726 945 2801 nequeat,
971 2722 1048 2802 quin
1066 2721 1107 2784 ad
1125 2721 1330 2802 conjecturas

156 2824 381 2892 descendatur.
429 2826 551 2892 Tamen
579 2849 619 2892 ne
650 2827 713 2891 hac
745 2827 886 2910 pusillae
923 2828 1054 2910 quidem
1088 2827 1330 2910 disputationes

156 2937 270 2996 carent
294 2934 581 3014 commendatione,
608 2954 748 3015 quarum
771 2935 878 3016 prima
902 2941 951 2998 est
975 2956 1023 3013 ea,
1049 2932 1137 3016 quod
1160 2935 1194 2998 in
1212 2933 1329 2998 studiis

155 3039 366 3120 antiquitatis
390 3038 473 3102 nihil
497 3044 547 3102 est
570 3046 638 3103 tam
662 3039 834 3122 abjectum,
859 3041 941 3105 nihil
966 3047 1032 3106 tam
1050 3041 1265 3119 reconditum,
1290 3046 1327 3103 ut

155 3166 219 3208 non
252 3144 394 3209 alicuius
429 3146 583 3208 momenti
619 3166 689 3208 esse
718 3147 885 3225 videatur,
915 3169 1019 3229 neque
1049 3147 1227 3230 quidquam
1258 3153 1327 3211 tam

106 3289 109 3295 ·
154 3252 251 3316 inane
275 3259 309 3316 et
333 3251 427 3316 futile
451 3258 510 3332 est,
534 3258 571 3316 ut
594 3252 811 3334 despiciatur,
848 3254 965 3318 deinde
994 3235 1153 3319 eiusmodi
1182 3254 1328 3336 disputa-

154 3358 260 3422 tiones
285 3381 323 3424 ea
349 3381 385 3424 re
417 3360 693 3439 commendantur,
719 3361 817 3442 quod,
846 3360 1111 3444 quandoquidem
1135 3362 1252 3443 exigua
1281 3368 1329 3425 est

155 3487 248 3546 area,
281 3466 412 3532 facilius
437 3465 479 3530 ad
503 3465 600 3532 finem
624 3467 839 3548 deducuntur,
864 3487 969 3550 neque
992 3466 1173 3532 timendum
1187 3473 1260 3552 est,
1289 3488 1329 3531 ne

157 3573 190 3636 in
213 3574 452 3656 perscrutando
483 3573 657 3656 diligentia
688 3581 720 3638 et
751 3573 917 3638 industria
946 3573 1038 3656 prius
1071 3572 1200 3638 deficiat
1231 3594 1329 3655 quam

154 3683 301 3746 materia.
348 3681 453 3745 Hisce
477 3681 630 3744 inductus
663 3680 773 3744 causis
803 3681 945 3744 omnium
969 3678 1132 3746 Graeciae
1159 3679 1329 3762 regionum

153 3789 336 3868 minimam,
369 3788 612 3870 Megarensium
637 3787 772 3866 scilicet,
798 3786 946 3868 equidem
976 3787 1072 3870 elegi,
1105 3788 1260 3869 quoniam
1287 3787 1328 3850 ad

153 3915 204 3958 res
229 3894 457 3958 describendas
481 3893 579 3976 pauci
604 3892 712 3956 adhuc
736 3900 955 3973 accesserunt,
987 3899 1088 3976 atque
1117 3900 1154 3957 ut
1178 3895 1328 3958 omittam

154 4001 362 4084 Krusium¹),
388 3998 616 4064 'Pittmannum
625 3997 662 4084 ²),
688 4000 771 4063 alios
791 4000 848 4082 qui
873 4001 966 4083 quasi
992 4001 1191 4064 intransitu
1215 3999 1326 4083 Mega-

153 4110 298 4173 rensium
321 4128 374 4172 res
406 4106 602 4188 attigerunt,
638 4107 763 4188 primus
795 4105 1003 4187 Reinganum
1034 4105 1161 4170 duobus
1193 4106 1326 4185 libellis,

265 4374 286 4442 ¹)
305 4371 399 4427 Kruse
418 4373 525 4428 Hellas.

266 4462 288 4531 2)
309 4461 464 4527 Tittmann,
484 4463 670 4530 Darstellung
689 4463 740 4514 der
760 4462 866 4530 griech.
888 4460 1158 4528 Staatsversassung.

1135 4572 1147 4620 1
