3048 4878
626 245 845 308 ..23-

145 418 263 499 130ng
290 421 345 485 καὶ
373 418 476 502 δόμου
506 425 637 502 Δαμέας
662 420 873 501 stuperatem,
899 416 1111 502 ἐστρατάγουν
1135 417 1323 504 Δαμοτέλης
1404 419 1407 424 ’

148 530 276 606 Aspen,
308 536 448 604 Φωκῑνος
476 515 638 603 Bidinos,
664 521 881 612 Ἀριστότιμος
912 523 1142 610 Μενεκράτεος,
1179 524 1322 610 θέδωρος

149 630 340 716 Παγχάρεος,
367 632 543 720 Πᾳῖθυμος
565 633 703 714 letifices,
733 637 837 714 Τίμων
852 625 1043 716 Ἀγάθωνος.

255 739 308 804 Ex
332 740 384 804 bis
412 741 558 806 videmus
582 739 860 823 Appollodorum.
889 736 1143 818 Theomantum‚
1173 737 1322 802 Euoliam

148 866 222 910 oum
245 847 360 910 iisdem
383 847 594 929 praetoribus
618 846 727 911 officia
750 846 969 929 praestitisse;
994 866 1061 928 qua
1085 866 1124 909 ax
1147 865 1183 908 re
1205 843 1321 936 elucet,

149 973 204 1015 eos
228 951 313 1016 inter
337 975 372 1020 se
395 954 482 1018 eirea
506 977 535 1018 a.
562 959 625 1020 307Δ
650 953 855 1019 successisse.

259 1058 307 1124 De
336 1061 467 1143 regibus
498 1060 645 1126 Pasiada
657 1060 682 1146 ¹)
714 1066 748 1124 et
778 1056 961 1142 Diogene’)
1001 1057 1084 1122 nihil
1120 1063 1322 1140 compertum

149 1164 315 1232 habemus.

258 1271 548 1357 Appollonidas³).
582 1274 824 1356 Megarensium
855 1294 926 1352 rex,
960 1272 1072 1336 eadem
1103 1277 1227 1351 aetate,
1259 1293 1325 1353 qua
1430 1333 1432 1340 .

151 1379 317 1459 Heracon,
342 1379 594 1464 Aegosthenita,
619 1381 739 1446 vixisse
762 1381 901 1444 videtur.
948 1379 1036 1444 Nam
1061 1379 1148 1461 apud
1169 1376 1323 1456 Achaeos

152 1485 262 1550 sariba
286 1507 464 1569 eponymus
493 1493 579 1567 erat,
613 1487 646 1552 id
677 1487 762 1570 quod
795 1486 903 1550 elucet
934 1507 973 1550 ex
1004 1485 1134 1550 nomine
1157 1483 1325 1550 Stratonis

152 1591 294 1672 scribae,
320 1593 408 1676 quod
433 1593 583 1658 additum
607 1601 669 1664 est,
703 1615 768 1657 non
791 1598 966 1676 propteroa
990 1591 1077 1673 quod
1103 1591 1235 1674 Megara
1259 1592 1324 1656 foe·

150 1697 220 1761 deri
245 1721 279 1762 se
308 1700 538 1782 applicuerunt
568 1731 607 1747 -ι
638 1701 671 1764 id
704 1708 819 1782 postea
847 1700 968 1763 tactum
1000 1705 1050 1762 est
1077 1737 1121 1752 ν-
1153 1698 1209 1764 sed
1237 1699 1323 1780 quod

151 1803 271 1886 legatis
298 1803 499 1870 Boeotorum
528 1813 560 1871 et
583 1805 794 1870 Achaeorum
820 1803 930 1870 missis
957 1805 1168 1888 Megarenses
1197 1811 1323 1870 contro-

150 1911 289 1975 versiam
313 1911 399 1976 inter
414 1910 610 1996 Thyrienses
623 1919 654 1976 et
667 1910 882 1995 Cassiopaeos
895 1915 1101 1993 componunt.
1125 1911 1167 1975 In
1179 1909 1320 1998 alter04)

153 2018 251 2083 titulo
275 2041 392 2082 nomen
416 2019 605 2084 mutilatum
627 2019 725 2083 buius
749 2019 837 2102 regis
858 2019 991 2102 legitur.
1038 2017 1125 2082 Nam
1142 2018 1244 2084 alium
1260 2041 1325 2084 non

152 2125 261 2190 t'uisse.
287 2123 456 2190 deficiente
480 2127 586 2208 patris
609 2127 738 2190 nomine
761 2126 912 2191 concludi
936 2131 1054 2208 potest.

258 2231 410 2315 Denique
434 2253 491 2296 rex
514 2237 647 2312 Νεικίας
668 2227 812 2320 Ἑρμείου
821 2232 846 2318 ⁵)
871 2232 1074 2318 temporibus
1091 2233 1324 2315 imperatorum

153 2337 247 2402 nobis
271 2339 424 2402 ooourrit.

262 2443 383 2528 Itaque
407 2468 476 2510 cum
502 2469 562 2530 per
577 2453 706 2512 tant-um
730 2447 886 2529 temporis
911 2447 1054 2528 spatium
1071 2445 1212 2528 vestigia
1227 2445 1326 2510 huius

154 2552 368 2632 magistratus
399 2554 490 2636 sequi
522 2554 698 2636 possimus,
735 2576 773 2618 ea
806 2552 930 2634 opinio,
968 2575 1033 2634 qua
1062 2573 1189 2635 semper
1217 2575 1327 2635 regem

155 2657 255 2722 fuisse
280 2665 433 2742 putatur,
458 2659 707 2744 probabilitatis
738 2661 876 2743 speeiem
908 2681 988 2743 prae
1016 2682 1050 2723 se
1081 2660 1155 2724 fert.
1203 2657 1326 2725 Gonoe-
1371 2708 1374 2715 -

155 2763 292 2828 (lendum
317 2772 428 2831 autem
452 2772 516 2846 est,
541 2788 613 2830 eum
645 2790 709 2831 non
739 2789 865 2850 semper
882 2767 1038 2856 ⁴maxima
1066 2767 1265 2831 auctoritate
1295 2771 1327 2829 et

156 2871 327 2954 eponymia
351 2873 536 2955 praeditum
557 2873 668 2947 fuisse,
694 2873 750 2938 sed
767 2895 995 2955 nonnunquam
1013 2873 1095 2936 alios
1111 2873 1327 2952 magistratus

153 2978 302 3060 potentia
333 2980 516 3061 superiores
548 2979 658 3046 fuisse.
717 2978 843 3063 Quodsi
875 2980 949 3062 quis
978 2984 1131 3062 quaerat,
1163 2979 1326 3062 quomodo

153 3107 210 3148 rex
246 3091 377 3149 oreatus
414 3085 469 3160 sit,
507 3085 642 3151 difficile
678 3093 728 3150 est
763 3088 803 3150 de
838 3087 901 3150 bae
935 3109 970 3150 re
1001 3086 1162 3170 judicare.
1209 3084 1327 3169 Neque

156 3188 242 3256 eninr
272 3191 362 3255 tituli
395 3215 499 3276 neque
527 3199 615 3258 certa
647 3195 845 3276 scriptorum
879 3193 1068 3257 testimonia
1096 3214 1208 3257 ansam
1236 3215 1329 3275 prae·

155 3297 242 3362 bant.
288 3297 512 3384 Pausanias-⁰)
543 3322 629 3368 vero,
663 3301 719 3384 qui
750 3299 789 3364 de
817 3292 916 3382 reguo
945 3297 1075 3363 sublato
1105 3297 1205 3363 verba
1236 3298 1326 3377 facit,

154 3401 299 3491 αἱρετοὺς
322 3397 475 3491 ἄρχοντας
499 3405 669 3470 institutos
694 3427 765 3470 esse
790 3406 903 3469 tradit.
952 3403 1079 3504 rripsrot
1089 3409 1200 3469 autem
1217 3397 1328 3490 ἄρχον-

158 3516 312 3588 vag-sunt
336 3509 503 3595 suffragiis
528 3513 634 3592 electi,
659 3511 815 3595 aquibus
831 3509 1054 3590 distinguendi
1072 3516 1147 3574 sunt
1163 3509 1326 3596 κληρωτοί,

154 3615 255 3705 κλήρῳ
279 3619 299 3683 i.
325 3640 351 3681 e.
376 3625 462 3683 sorte
491 3621 604 3700 creati,
634 3625 671 3683 ut
696 3617 831 3682 Cassius
854 3615 957 3701 Diei)
987 3615 1173 3700 distinguit:
1207 3614 1240 3681 ἐκ
1270 3620 1327 3680 τοῦ

264 3859 284 3926 ¹)
304 3856 356 3911 m.
377 3863 410 3910 a·
440 3864 480 3912 311.
519 3857 611 3924 sang.
632 3860 691 3908 ror.
712 3860 770 3908 roa
809 3847 861 3934 ἐφ.
885 3837 952 3932 ἅρχ.
982 3858 1056 3909 13311.
1080 3857 1155 3908 1333.
1192 3851 1272 3908 Roas.
1299 3872 1327 3923 p.

155 3951 211 4001 loe.
250 3945 305 4000 Rh.
325 3945 395 4000 Mus.
419 3950 494 4000 1866.
515 3965 541 4014 p.
562 3949 622 4000 333.

263 4034 286 4102 ²)
307 4033 358 4088 ab.
379 4040 421 4088 ar.
442 4041 483 4090 aa.
521 4035 576 4104 ag.
596 4039 656 4090 eos.
677 4039 737 4088 oar.
776 4033 847 4088 reuss
866 4053 893 4102 p.
916 4037 973 4086 ros.
1012 4023 1064 4112 ἐφ.
1088 4015 1254 4110 ἅρχ.1313.

263 4123 285 4191 ³)
306 4122 358 4178 Lb.
381 4129 420 4178 17.
459 4123 538 4178 Roas.
558 4124 623 4178 Ber.
644 4123 695 4177 der
713 4122 790 4188 Bari,
810 4123 902 4176 Akad.
923 4121 999 4176 1844.
1020 4140 1046 4190 p.
1069 4125 1126 4174 loa.

261 4211 284 4280 ⁴)
303 4212 355 4267 m.
376 4218 417 4268 aa.
455 4213 548 4284 aang.
568 4218 627 4268 aar.
666 4203 718 4292 ἐφ.
735 4195 804 4292 ἇρχ.
823 4215 898 4266 1331.

263 4302 285 4369 ⁶)
305 4302 334 4356 G.
353 4301 381 4368 J,
401 4301 449 4356 Gr.
472 4306 547 4356 1057.
871 4323 878 4330 ·

263 4390 286 4458 ⁶)
305 4389 388 4444 Paua.
409 4390 432 4444 Ι.
452 4394 495 4456 43,
515 4395 539 4445 3.

264 4478 285 4549 ⁷)
305 4479 380 4534 Cass.
400 4477 465 4534 Dio.
486 4483 529 4544 4‘2,
548 4484 591 4534 22.
612 4483 640 4548 ¹2;
661 4482 702 4532 bt.
723 4482 766 4544 30,
786 4483 810 4533 3.
