3048 4878
598 237 817 300 ..m-

113 409 243 478 stituta
279 421 337 482 est.
386 413 475 499 Quin
510 415 609 481 etiam
633 414 803 497 Apollinis
838 435 997 486 consensu
1032 413 1208 483 mutatatio
1245 419 1294 480 est

115 521 261 584 sancita.
307 520 475 605 Aesymno
500 523 584 589 enim
608 522 665 586 uni
689 543 705 586 e
728 521 905 604 nobilibus,
930 522 1100 587 Pausania
1123 527 1258 586 auctore
1270 521 1295 607 ¹)

111 623 243 708 Pythia
258 629 445 712 respondet,
469 651 522 694 res
538 649 694 712 prospere
710 628 960 711 Megarensibus
977 651 1138 708 cessuras,
1164 629 1190 692 si
1208 650 1294 693 oom-

114 733 274 814 pluribus
297 735 548 817 magistratibus
572 742 753 800 uterentur.
800 735 894 800 Licet
911 736 1041 819 singula
1057 735 1215 800 historiae
1232 734 1296 798 fide

28 823 30 906 l
115 848 268 918 careant,
302 849 412 906 tamen
441 842 572 906 subesse
603 843 680 906 huic
711 842 996 923 narratiunculae,
1030 861 1115 926 quae
1145 841 1294 906 veritatis

116 947 264 1029 speciem
288 970 365 1030 lirae
390 970 423 1012 se
452 948 572 1028 ferant,
605 969 698 1013 nemo
727 949 872 1032 negabit.
920 949 1038 1033 Neque
1072 950 1295 1016 controversia

79 1063 84 1072 '
117 1076 194 1120 csse
219 1060 337 1136 potest,
362 1057 442 1137 quin
465 1077 517 1120 res
541 1038 612 1120 tum
637 1056 845 1138 aliquantum
870 1057 936 1120 sint
964 1061 1115 1122 novatae.
1163 1053 1224 1120 Sed
1258 1061 1295 1119 ut

113 1183 277 1248 persaepe
306 1161 378 1226 fieri
408 1162 505 1242 solet,
540 1163 701 1245 quaedam
732 1185 771 1228 ex
803 1165 995 1228 inveteratis
1028 1162 1293 1228 institutionibus

28 1339 30 1358 ,
117 1269 191 1334 sine
219 1269 319 1334 dubio
356 1277 545 1334 asservatae
581 1277 666 1334 sunt.
713 1259 829 1352 Atque
863 1272 1004 1354 primum
1039 1270 1170 1354 quidem
1206 1271 1293 1354 regis

112 1396 234 1439 nomen
259 1397 358 1458 regno
383 1376 515 1441 sublato
540 1378 573 1440 in
597 1399 698 1441 rurum
722 1399 760 1441 ex
784 1378 1049 1460 magistratibus,
1082 1385 1182 1459 atque
1208 1398 1292 1442 sum·
1330 1393 1333 1400 ’

112 1504 207 1546 mum
242 1483 372 1564 quidem
408 1483 607 1548 translatum
642 1505 724 1563 esse,
764 1485 1037 1550 verisimillimum
1073 1491 1129 1548 est.
1200 1483 1288 1548 Nam

115 1587 360 1675 Chalcedone-b
387 1597 419 1654 et
443 1590 595 1674 Byzantii
609 1590 635 1676 3)
661 1613 719 1655 rex
743 1592 777 1654 in
800 1613 934 1656 numero
962 1592 1217 1674 magistratuum
1246 1592 1293 1656 in-

114 1697 259 1760 venitur.
305 1696 398 1780 Quae
430 1698 590 1778 coloniae,
621 1719 694 1762 eum
720 1699 790 1780 jam
822 1700 962 1785 septimo
991 1699 1121 1763 saeculo
1155 1720 1185 1762 a.
1215 1697 1293 1762 Chr.

28 1807 29 1812 ’
113 1826 147 1866 n.
183 1824 203 1865 a
230 1803 478 1886 Megarensibus
502 1805 663 1871 deductae
688 1805 754 1870 sint
781 1805 968 1888 colonique,
998 1811 1035 1871 ut
1059 1791 1153 1886 alibi,
1184 1805 1293 1871 dome-

28 1907 29 1928 *
117 1909 207 1973 stica
230 1911 383 1975 instituta
407 1933 515 1976 seeum
539 1912 781 1992 transtulerint,
807 1914 967 1996 suspicari
993 1913 1077 1992 licet,
1104 1933 1213 1995 regem
1237 1934 1293 1978 an-

28 2069 29 2072 ,
114 2016 341 2098 tiquissimum
366 2020 599 2101 magistratum
614 2019 858 2101 Megarensium
876 2020 986 2110 fuisse.
1033 2016 1182 2099 Accedit,
1208 2019 1295 2101 quod

28 2137 29 2140 ’
114 2124 172 2187 hic
191 2126 419 2206 ⁴magistratus
447 2149 511 2190 non
544 2127 648 2191 solum
685 2133 850 2192 vestutate
886 2127 1063 2210 praevalet,
1102 2127 1159 2191 sed
1195 2128 1295 2191 etiam

116 2251 223 2310 usque
260 2232 301 2295 ad
341 2239 489 2316 tempora
523 2234 709 2316 posteriora
744 2235 840 2317 viget.
892 2233 1157 2300 Bacchiadarum
1193 2255 1294 2313 regno

114 2338 186 2419 jam
210 2359 268 2401 rex
292 2360 312 2401 a
329 2338 474 2404 Zenobio
484 2337 509 2422 ⁴)
534 2347 743 2419 memoratur,
768 2341 885 2405 deinde
909 2343 942 2404 in
966 2340 1074 2406 titulis
1099 2363 1191 2422 reges
1208 2361 1292 2406 com·

116 2449 352 2526 memorantur,
379 2447 412 2509 in
436 2447 534 2511 titulo
556 2444 840 2532 Aegosthenieol)
863 2441 1012 2534 Ἡράκων,
1037 2470 1101 2527 rex,
1128 2448 1161 2511 in
1186 2448 1294 2524 titulis

115 2544 298 2633 Megaricis
311 2552 519 2635 Megarenses
528 2545 768 2637 rlntotlavloag,
780 2559 940 2641 Διογένης,
952 2552 1127 2632 ΙΙασιάδας,
1142 2546 1293 2633 salamae,

119 2656 309 2740 θεὸμαντος,
327 2651 563 2747 Ἀπολλόδωρος
584 2653 600 2723 ὁ
617 2653 809 2748 Ε’ὗφρονίου.
858 2660 943 2726 Sane
966 2661 1052 2726 haud
1078 2683 1214 2743 magnus
1238 2683 1317 2725 nur

115 2767 246 2832 merus!
293 2765 475 2834 Videamus
506 2789 605 2848 nune,
638 2790 679 2833 an
710 2768 792 2833 certi
823 2767 948 2850 aliquid
979 2767 1019 2832 de
1050 2789 1161 2834 eorum
1185 2773 1294 2833 aetate

116 2895 280 2938 eruamus.

225 2991 401 3084 Ἡράκωνθ)
425 2999 509 3062 vixit
533 3019 569 3063 ee
593 3005 749 3081 tempore.
775 3020 839 3081 quc
864 2997 1126 3080 Aegosthenitae
1150 2998 1292 3064 foederis

116 3104 261 3171 Achaici
285 3105 465 3187 participes
491 3111 593 3169 erant.
642 3105 730 3170 Nam
754 3105 854 3169 titulo
878 3091 1102 3188 praescriptus
1127 3113 1177 3170 est
1192 3131 1294 3191 ypop-

114 3210 251 3295 ματεὺς,
283 3199 459 3294 eponymus
483 3212 695 3276 Achaeorum
727 3212 814 3276 inter
842 3233 944 3292 annos
973 3216 1147 3278 aso-255
1180 3215 1207 3276 si
1230 3212 1294 3278 Po·

113 3318 243 3402 -lybioll
268 3320 354 3382 inter
377 3339 480 3383 annos
505 3322 679 3382 ais—255
711 3319 739 3381 si
763 3315 920 3383 Straboni
931 3317 957 3403 ⁸)
988 3317 1084 3382 fidem
1114 3318 1291 3401 habemus3

116 3426 234 3490 deinde
259 3427 407 3508 sequitur
431 3425 550 3490 mensis
574 3427 691 3488 tertius
707 3421 885 3491 Achaicus.
932 3425 1053 3508 Itaque
1069 3425 1292 3512 Foucartus⁹)

116 3536 204 3598 hunc
229 3534 363 3597 titulum
387 3533 474 3596 inter
497 3552 598 3595 annos
623 3535 798 3596 asu-255
823 3537 992 3595 exaratum
1017 3552 1088 3595 esse
1112 3533 1196 3612 vult,
1226 3553 1291 3614 quo

230 3782 238 3810 ¹
269 3781 350 3834 Paus.
373 3782 393 3834 l.
414 3788 456 3846 43,
476 3788 500 3837 3.

227 3867 238 3899 2
268 3859 297 3922 'c
319 3869 345 3922 J.
367 3869 415 3922 er.
435 3870 476 3924 Π.
497 3874 573 3924 arsa.

229 3959 249 4026 ³)
270 3957 369 4025 Pauly,
389 3958 569 4026 Realencycl.
590 3978 615 4028 p.
637 3963 697 4011 stult.

227 4049 248 4109 ⁴l
268 4047 374 4102 Zenoh.
394 4056 468 4102 cent.
488 4054 512 4101 a.
535 4057 559 4102 tl.

227 4139 249 4206 l)
269 4137 361 4208 Rang.
381 4135 433 4190 No.
455 4141 515 4192 704.

227 4229 250 4294 ⁰)
271 4227 339 4281 [reb.
363 4232 402 4290 1¹2,
440 4226 531 4296 Rang.
553 4230 603 4279 704
651 4225 784 4280 Welcker
803 4227 870 4279 bull.
892 4227 957 4284 dcll’
978 4228 1041 4280 inst.
1065 4230 1139 4281 1843.
1160 4245 1187 4295 p.
1210 4230 1290 4280 169.¹

230 4315 250 4383 ²)
270 4315 368 4384 Polyb.
388 4316 428 4370 Il.
448 4320 490 4379 43,
513 4321 534 4368 1.
1032 4333 1036 4337 ’

229 4406 252 4473 ⁸)
272 4403 375 4458 Strabo
397 4405 462 4468 VH,
483 4410 505 4458 7.
526 4410 550 4460 3.

228 4494 251 4562 9)
272 4493 389 4560 explico.
410 4493 459 4545 des
479 4494 560 4547 inser.
582 4492 634 4546 No.
657 4495 697 4546 1⁴2.
