3048 4878
690 270 909 332 ..16...

581 435 771 532 Ἀθηνοκλῆς
794 439 988 530 llqrodtdpot·

589 548 730 632 Ζώοιχος
744 542 968 636 luparum.

324 675 568 759 clodulpuimtg
590 680 673 762 μῆνα
698 672 868 738 Διονύσιον
890 671 1115 760 ἐστεφάνωσαν
1139 665 1278 756 ἁγεμόνα

321 783 439 867 ¹torlaig
462 779 632 846 ,Ιιονίοιον
656 785 826 845 ,Ιιονοοίοο
851 776 1016 867 ΙΙολητὴος

323 895 438 967 Νικίας
464 895 619 954 Μενίσκου
643 885 895 974 Καλλιχορεάτης

323 996 458 1084 Βῦριχος
481 996 665 1083 Αἰοχηρδρα
687 989 869 1081 Ἱππιονήος

323 1107 493 1188 ,ΙΙοορίκων
517 1107 637 1190 quvloo
666 1101 861 1190 Τριὰοοιδος

324 1215 524 1298 Προμαθίων
548 1214 785 1296 Προμαθίωνος
809 1219 915 1294 Σεοερο
940 1258 947 1271 .
974 1258 981 1271 .
1006 1258 1014 1271 .

324 1321 456 1394 manua
480 1308 809 1404 Jaoyvlaovlraultog

316 1417 496 1488 Ἀθαναίων
509 1415 787 1507 [Ἰοκλαοιοδώροο
812 1473 819 1486 .
845 1473 852 1486 .

326 1529 482 1616 culpatur
506 1534 676 1594 Διονυσίου
691 1521 970 1615 Krounoduqqaa)

590 1641 707 1719 ,Ιαμᾶς
730 1633 915 1723 Μηνοδότου
940 1686 948 1699 .
974 1685 981 1700 .
1007 1686 1014 1699 .

450 1742 654 1829 γραμματεὺς
675 1743 793 1828 βουλᾶς
815 1744 869 1808 καὶ
893 1742 995 1824 δάμοο
1021 1747 1155 1824 llr‘prmv

627 1848 843 1936 Μενεκράτεος
866 1900 874 1913 .
901 1899 908 1914 .
934 1877 941 1913 ;
968 1900 975 1913 .

323 1993 363 2056 In
387 1993 449 2057 hac
474 1993 576 2075 igitur
598 1994 813 2075 inscriptione
837 1993 975 2074 legimus
1000 1993 1132 2056 uomina
1155 1992 1254 2075 regis,
1288 1993 1390 2054 luero-

219 2100 413 2179 moemonis,
451 2101 550 2164 trium
587 2099 859 2182 nomophylacum
891 2099 1106 2182 praescripta.
1157 2098 1282 2162 Deinde
1317 2104 1392 2160 octo

217 2211 424 2289 aesymnetae
467 2212 714 2272 enumerantur.
764 2207 821 2287 qui
865 2206 1044 2288 principem
1083 2212 1217 2268 serranus
1256 2227 1392 2268 corona·

217 2319 346 2390 veruut3
390 2319 459 2375 tum
504 2313 653 2394 sequitur
696 2334 816 2376 nomen
864 2311 989 2376 scribae
1028 2311 1158 2394 leuatus
1201 2311 1390 2394 populique.

218 2415 305 2500 Quid
353 2419 454 2501 igitur
497 2418 692 2482 concludere
723 2439 897 2500 possumus
935 2442 973 2482 cx
1002 2417 1063 2482 hoc
1096 2417 1216 2482 titulo?
1263 2417 1391 2500 Nempe

218 2525 277 2589 hos
306 2532 379 2590 octo
409 2533 615 2609 aesymnetas
645 2547 718 2589 cum
749 2532 864 2589 senatu
896 2527 1084 2608 conjunctos
1116 2526 1230 2591 fuisse:
1263 2525 1392 2588 Deinde

220 2631 407 2696 Boeckhius
418 2627 441 2718 ¹)
467 2633 661 2697 enucleavit.
690 2634 872 2715 principem
895 2639 1039 2710 senatus.
1065 2633 1119 2715 qui
1138 2639 1312 2695 coronatus
1329 2637 1390 2694 est.

220 2747 252 2803 et
276 2738 417 2804 scribam
441 2748 574 2805 senatus
603 2741 782 2823 populique
815 2747 888 2804 octo
918 2739 1106 2803 aesimuetis
1137 2760 1207 2802 esse
1238 2737 1391 2801 adnume-

217 2845 349 2908 ramlos.
397 2845 519 2910 Decem
544 2847 647 2929 igitur
672 2847 850 2911 asimnetae
874 2847 1081 2929 eligebantur
1105 2854 1204 2929 atque
1228 2845 1391 2928 praeside·
1473 2915 1476 2922 ,

219 2952 300 3016 baut
324 2952 462 3031 saltatui,
488 2953 573 3015 sicut
597 2959 752 3035 prytaues
769 2952 1032 3016 Atheniensium.
1080 2951 1176 3034 Quod
1202 2952 1324 3015 attinet
1348 2951 1391 3013 ad

220 3081 356 3123 munera
391 3081 518 3132 eorum,
557 3057 840 3143 Dittenbergeri²l
877 3058 1124 3123 adnotationem
1158 3080 1289 3139 sequor,
1326 3080 1391 3140 qua

217 3164 417 3229 affirmatum
442 3173 500 3244 est,
529 3188 584 3229 eos
609 3167 649 3229 ad
675 3173 805 3248 tempus
828 3165 1003 3229 cotidianis
1020 3172 1154 3229 senatus
1179 3165 1295 3227 officiis
1320 3187 1390 3228 esse

219 3273 358 3344 functos,
407 3270 562 3336 Senatum
595 3273 699 3355 igitur
731 3271 954 3354 populumque
987 3272 1021 3334 in
1053 3271 1226 3336 concilium
1258 3293 1391 3334 vocasse

217 3386 315 3460 atque
339 3379 472 3443 decreta
496 3401 515 3443 a
540 3379 723 3462 synarclriis
746 3385 882 3460 accepta
912 3379 1041 3443 senatui
1071 3379 1258 3461 populoque
1290 3377 1391 3440 tradi-

219 3486 306 3550 disse
330 3486 499 3564 videntur-3
525 3485 559 3548 id
583 3487 670 3567 quod
702 3487 800 3551 titulo
831 3485 889 3550 illo
913 3487 1081 3568 Megarico
1093 3485 1121 3569 3)
1157 3486 1325 3556 docemur,
1358 3485 1392 3547 in

218 3614 281 3673 quo
307 3592 497 3675 synarrlriac
520 3593 723 3674 rogationem
748 3592 789 3656 ad
815 3593 1011 3656 aesimnetas
1036 3592 1134 3656 etad
1159 3598 1306 3656 senatum
1335 3611 1392 3673 po·

217 3698 395 3781 polumque
419 3699 535 3762 tulisse
560 3699 723 3764 dicuntur.

323 3841 404 3904 Jam
435 3863 505 3905 cum
536 3846 619 3928 μῆνα
653 3841 822 3907 ,Ιιοοίοιον
855 3843 904 3906 illi
939 3851 1146 3927 aesynmetae
1176 3841 1392 3906 Chalcedonii

218 3949 346 4012 senatui
384 3949 601 4031 praefuerint,
642 3953 734 4031 patet
774 3970 827 4014 eos
868 3957 1051 4014 urenstruos
1088 3950 1188 4013 luisse
1224 3948 1392 4031 praesides

218 4059 361 4133 senatus

328 4338 346 4406 ¹)
367 4337 395 4390 O.
416 4336 443 4390 J.
465 4337 513 4390 Gr.
534 4337 564 4390 ll
584 4357 611 4406 p.
631 4342 691 4391 out.

326 4425 348 4494 2)
368 4424 484 4494 Sylloge
503 4425 519 4478 I
538 4430 597 4479 218.

326 4514 349 4582 3)
367 4513 488 4568 Vischer
507 4513 596 4568 Beitr.
617 4513 668 4568 No.
690 4517 732 4568 47.
770 4514 840 4568 Leb.
860 4520 928 4571 35a.
