<?xml version="1.0" encoding="UTF-8"?>
<!DOCTYPE html PUBLIC "-//W3C//DTD XHTML 1.0 Transitional//EN"
    "http://www.w3.org/TR/xhtml1/DTD/xhtml1-transitional.dtd">
<html xmlns="http://www.w3.org/1999/xhtml" xml:lang="en" lang="en">
 <head>
  <title>
</title>
<meta http-equiv="Content-Type" content="text/html;charset=utf-8" />
  <meta name='ocr-system' content='tesseract 3.04.00' />
  <meta name='ocr-capabilities' content='ocr_page ocr_carea ocr_par ocr_line ocrx_word'/>
</head>
<body>
  <div class='ocr_page' id='page_1' title='image "./derepublicaacma00thamgoog_0028.png"; bbox 0 0 3048 4878; ppageno 0'>
   <div class='ocr_carea' id='block_1_1' title="bbox 612 262 834 326">
    <p class='ocr_par' dir='ltr' id='par_1_1' title="bbox 612 262 834 326">
     <span class='ocr_line' id='line_1_1' title="bbox 612 262 834 326; baseline 0.009 -18"><span class='ocrx_word' id='word_1_1' title='bbox 612 262 834 326; x_wconf 59' lang='lat'>„19-</span> 
     </span>
    </p>
   </div>
   <div class='ocr_carea' id='block_1_2' title="bbox 136 433 1312 734">
    <p class='ocr_par' dir='ltr' id='par_1_2' title="bbox 136 433 1312 734">
     <span class='ocr_line' id='line_1_2' title="bbox 137 433 1309 521; baseline 0.002 -19"><span class='ocrx_word' id='word_1_2' title='bbox 137 433 237 504; x_wconf 85' lang='lat' dir='ltr'>datur</span> <span class='ocrx_word' id='word_1_3' title='bbox 261 445 294 503; x_wconf 92' lang='lat' dir='ltr'>et</span> <span class='ocrx_word' id='word_1_4' title='bbox 316 436 500 504; x_wconf 77' lang='lat' dir='ltr'>honoratur</span> <span class='ocrx_word' id='word_1_5' title='bbox 519 437 684 520; x_wconf 77' lang='lat' dir='ltr'><strong>Hicesius,</strong></span> <span class='ocrx_word' id='word_1_6' title='bbox 709 437 824 505; x_wconf 86' lang='lat' dir='ltr'>classis</span> <span class='ocrx_word' id='word_1_7' title='bbox 840 439 1063 521; x_wconf 68' lang='lat' dir='ltr'>Pergamenae</span> <span class='ocrx_word' id='word_1_8' title='bbox 1087 437 1163 505; x_wconf 84' lang='lat' dir='ltr'>dux.</span> <span class='ocrx_word' id='word_1_9' title='bbox 1211 435 1309 504; x_wconf 88' lang='lat' dir='ltr'>Prae-</span> 
     </span>
     <span class='ocr_line' id='line_1_3' title="bbox 136 543 1312 631; baseline 0.002 -23"><span class='ocrx_word' id='word_1_10' title='bbox 136 550 228 612; x_wconf 88' lang='lat' dir='ltr'>terea</span> <span class='ocrx_word' id='word_1_11' title='bbox 251 545 359 610; x_wconf 89' lang='lat' dir='ltr'>verbis</span> <span class='ocrx_word' id='word_1_12' title='bbox 383 545 514 614; x_wconf 81' lang='lat' dir='ltr'>Aeneae</span> <span class='ocrx_word' id='word_1_13' title='bbox 539 543 699 619; x_wconf 78' lang='lat' dir='ltr'>Taotici¹l</span> <span class='ocrx_word' id='word_1_14' title='bbox 728 545 981 622; x_wconf 85' lang='lat' dir='ltr'>demonstratur,</span> <span class='ocrx_word' id='word_1_15' title='bbox 1008 548 1199 629; x_wconf 75' lang='lat' dir='ltr'>synarcbias</span> <span class='ocrx_word' id='word_1_16' title='bbox 1224 545 1312 631; x_wconf 90' lang='lat' dir='ltr'>apud</span> 
     </span>
     <span class='ocr_line' id='line_1_4' title="bbox 136 650 533 734; baseline 0.01 -20"><span class='ocrx_word' id='word_1_17' title='bbox 136 650 348 734; x_wconf 81' lang='lat' dir='ltr'>Megarenses</span> <span class='ocrx_word' id='word_1_18' title='bbox 372 652 483 718; x_wconf 83' lang='lat' dir='ltr'>luisse.</span> <span class='ocrx_word' id='word_1_19' title='bbox 531 685 533 694; x_wconf 39' lang='grc' dir='ltr'><strong><em>ν</em></strong></span> 
     </span>
    </p>
   </div>
   <div class='ocr_carea' id='block_1_3' title="bbox 61 811 1353 3254">
    <p class='ocr_par' dir='ltr' id='par_1_3' title="bbox 136 811 1318 2608">
     <span class='ocr_line' id='line_1_5' title="bbox 244 811 1310 899; baseline 0.007 -23"><span class='ocrx_word' id='word_1_20' title='bbox 244 811 324 876; x_wconf 85' lang='lat' dir='ltr'>Jam</span> <span class='ocrx_word' id='word_1_21' title='bbox 360 815 546 896; x_wconf 75' lang='lat' dir='ltr'>quaeritur,</span> <span class='ocrx_word' id='word_1_22' title='bbox 588 813 667 896; x_wconf 90' lang='lat' dir='ltr'>quid</span> <span class='ocrx_word' id='word_1_23' title='bbox 706 814 745 878; x_wconf 92' lang='lat' dir='ltr'>de</span> <span class='ocrx_word' id='word_1_24' title='bbox 762 842 765 848; x_wconf 97' lang='lat'><em>·</em></span> <span class='ocrx_word' id='word_1_25' title='bbox 785 815 966 896; x_wconf 70' lang='lat' dir='ltr'>synarcbiis</span> <span class='ocrx_word' id='word_1_26' title='bbox 1006 816 1050 878; x_wconf 91' lang='lat' dir='ltr'>sit</span> <span class='ocrx_word' id='word_1_27' title='bbox 1084 813 1310 899; x_wconf 85' lang='lat' dir='ltr'>judicandum.</span> 
     </span>
     <span class='ocr_line' id='line_1_6' title="bbox 139 916 1313 1004; baseline 0.003 -24"><span class='ocrx_word' id='word_1_28' title='bbox 139 916 356 1002; x_wconf 72' lang='lat' dir='ltr'>Boeckhius²l</span> <span class='ocrx_word' id='word_1_29' title='bbox 380 921 536 1002; x_wconf 83' lang='lat' dir='ltr'>explicat:</span> <span class='ocrx_word' id='word_1_30' title='bbox 563 921 733 1002; x_wconf 84' lang='lat' dir='ltr'>collegium</span> <span class='ocrx_word' id='word_1_31' title='bbox 759 922 786 985; x_wconf 90' lang='lat' dir='ltr'>si</span> <span class='ocrx_word' id='word_1_32' title='bbox 814 922 1068 1004; x_wconf 79' lang='lat' dir='ltr'>magistratuum</span> <span class='ocrx_word' id='word_1_33' title='bbox 1092 929 1155 996; x_wconf 80' lang='lat' dir='ltr'>est,</span> <span class='ocrx_word' id='word_1_34' title='bbox 1192 921 1313 985; x_wconf 85' lang='lat' dir='ltr'>dieitur</span> 
     </span>
     <span class='ocr_line' id='line_1_7' title="bbox 140 1026 1313 1114; baseline 0.003 -27"><span class='ocrx_word' id='word_1_35' title='bbox 140 1029 305 1112; x_wconf 84' lang='grc' dir='ltr'><strong><em>συναρχία,</em></strong></span> <span class='ocrx_word' id='word_1_36' title='bbox 354 1027 496 1108; x_wconf 80' lang='lat' dir='ltr'>collegae</span> <span class='ocrx_word' id='word_1_37' title='bbox 543 1027 758 1114; x_wconf 75' lang='grc' dir='ltr'>συνάρχοντες,</span> <span class='ocrx_word' id='word_1_38' title='bbox 806 1026 963 1113; x_wconf 67' lang='grc' dir='ltr'><strong><em>σύναρχοι.</em></strong></span> <span class='ocrx_word' id='word_1_39' title='bbox 1062 1029 1166 1094; x_wconf 89' lang='lat' dir='ltr'>Recte</span> <span class='ocrx_word' id='word_1_40' title='bbox 1212 1029 1313 1111; x_wconf 89' lang='lat' dir='ltr'>igitur</span> 
     </span>
     <span class='ocr_line' id='line_1_8' title="bbox 142 1130 1312 1220; baseline 0 -24"><span class='ocrx_word' id='word_1_41' title='bbox 142 1130 358 1220; x_wconf 55' lang='lat' dir='ltr'>Viseherusf)</span> <span class='ocrx_word' id='word_1_42' title='bbox 375 1138 542 1220; x_wconf 80' lang='grc' dir='ltr'><strong><em>συναρχίαν</em></strong></span> <span class='ocrx_word' id='word_1_43' title='bbox 558 1137 732 1220; x_wconf 82' lang='lat' dir='ltr'>collegium</span> <span class='ocrx_word' id='word_1_44' title='bbox 748 1138 1001 1218; x_wconf 86' lang='lat' dir='ltr'>magistratuum</span> <span class='ocrx_word' id='word_1_45' title='bbox 1015 1133 1156 1200; x_wconf 87' lang='lat' dir='ltr'>eiusdem</span> <span class='ocrx_word' id='word_1_46' title='bbox 1173 1135 1312 1200; x_wconf 89' lang='lat' dir='ltr'>nominis</span> 
     </span>
     <span class='ocr_line' id='line_1_9' title="bbox 138 1238 1312 1328; baseline 0.003 -27"><span class='ocrx_word' id='word_1_47' title='bbox 138 1243 239 1321; x_wconf 89' lang='lat' dir='ltr'>atque</span> <span class='ocrx_word' id='word_1_48' title='bbox 263 1238 372 1308; x_wconf 84' lang='lat' dir='ltr'>officii.</span> <span class='ocrx_word' id='word_1_49' title='bbox 398 1239 500 1303; x_wconf 83' lang='lat' dir='ltr'>veluti</span> <span class='ocrx_word' id='word_1_50' title='bbox 524 1251 725 1324; x_wconf 81' lang='lat' dir='ltr'>praetorum,</span> <span class='ocrx_word' id='word_1_51' title='bbox 751 1248 918 1328; x_wconf 56' lang='grc' dir='ltr'><strong><em>συναρχίαι·</em></strong></span> <span class='ocrx_word' id='word_1_52' title='bbox 941 1245 1123 1326; x_wconf 86' lang='lat' dir='ltr'>compluria</span> <span class='ocrx_word' id='word_1_53' title='bbox 1152 1241 1312 1306; x_wconf 92' lang='lat' dir='ltr'>eiusmodi</span> 
     </span>
     <span class='ocr_line' id='line_1_10' title="bbox 138 1346 1313 1434; baseline 0.001 -25"><span class='ocrx_word' id='word_1_54' title='bbox 138 1346 287 1428; x_wconf 84' lang='lat' dir='ltr'>collegia,</span> <span class='ocrx_word' id='word_1_55' title='bbox 320 1368 404 1428; x_wconf 88' lang='lat' dir='ltr'>quae</span> <span class='ocrx_word' id='word_1_56' title='bbox 436 1349 632 1431; x_wconf 87' lang='lat' dir='ltr'>conjunctim</span> <span class='ocrx_word' id='word_1_57' title='bbox 666 1351 706 1414; x_wconf 94' lang='lat' dir='ltr'>de</span> <span class='ocrx_word' id='word_1_58' title='bbox 741 1351 853 1434; x_wconf 87' lang='lat' dir='ltr'>aliqua</span> <span class='ocrx_word' id='word_1_59' title='bbox 888 1373 921 1415; x_wconf 84' lang='lat' dir='ltr'>re</span> <span class='ocrx_word' id='word_1_60' title='bbox 956 1350 1179 1414; x_wconf 84' lang='lat' dir='ltr'>deliberarent</span> <span class='ocrx_word' id='word_1_61' title='bbox 1214 1350 1313 1414; x_wconf 90' lang='lat' dir='ltr'>inter·</span> 
     </span>
     <span class='ocr_line' id='line_1_11' title="bbox 138 1454 1318 1542; baseline -0.001 -23"><span class='ocrx_word' id='word_1_62' title='bbox 138 1461 289 1536; x_wconf 88' lang='lat' dir='ltr'>pretatus</span> <span class='ocrx_word' id='word_1_63' title='bbox 314 1461 374 1535; x_wconf 88' lang='lat' dir='ltr'>est,</span> <span class='ocrx_word' id='word_1_64' title='bbox 422 1454 536 1537; x_wconf 85' lang='lat' dir='ltr'>Atque</span> <span class='ocrx_word' id='word_1_65' title='bbox 560 1455 809 1542; x_wconf 77' lang='lat' dir='ltr'>Raugabeius·⁴)</span> <span class='ocrx_word' id='word_1_66' title='bbox 838 1458 968 1539; x_wconf 89' lang='lat' dir='ltr'>quidem</span> <span class='ocrx_word' id='word_1_67' title='bbox 993 1457 1051 1520; x_wconf 93' lang='lat' dir='ltr'>hos</span> <span class='ocrx_word' id='word_1_68' title='bbox 1080 1457 1127 1520; x_wconf 90' lang='lat' dir='ltr'>ita</span> <span class='ocrx_word' id='word_1_69' title='bbox 1155 1457 1318 1537; x_wconf 57' lang='lat' dir='ltr'>interpre«</span> 
     </span>
     <span class='ocr_line' id='line_1_12' title="bbox 139 1562 1311 1646; baseline 0.001 -22"><span class='ocrx_word' id='word_1_70' title='bbox 139 1568 240 1642; x_wconf 83' lang='lat' dir='ltr'>tatur,</span> <span class='ocrx_word' id='word_1_71' title='bbox 264 1568 301 1626; x_wconf 91' lang='lat' dir='ltr'>ut</span> <span class='ocrx_word' id='word_1_72' title='bbox 326 1562 541 1644; x_wconf 86' lang='lat' dir='ltr'>magistratus</span> <span class='ocrx_word' id='word_1_73' title='bbox 566 1563 756 1646; x_wconf 83' lang='lat' dir='ltr'>conjunctos</span> <span class='ocrx_word' id='word_1_74' title='bbox 781 1563 823 1628; x_wconf 85' lang='lat' dir='ltr'>ad</span> <span class='ocrx_word' id='word_1_75' title='bbox 847 1564 1002 1646; x_wconf 87' lang='lat' dir='ltr'>populum</span> <span class='ocrx_word' id='word_1_76' title='bbox 1026 1562 1141 1626; x_wconf 85' lang='lat' dir='ltr'>tulisse</span> <span class='ocrx_word' id='word_1_77' title='bbox 1171 1568 1311 1641; x_wconf 69' lang='lat' dir='ltr'>statuatss.</span> 
     </span>
     <span class='ocr_line' id='line_1_13' title="bbox 140 1666 1312 1752; baseline 0 -20"><span class='ocrx_word' id='word_1_78' title='bbox 140 1667 227 1751; x_wconf 89' lang='lat' dir='ltr'>quod</span> <span class='ocrx_word' id='word_1_79' title='bbox 256 1668 386 1750; x_wconf 89' lang='lat' dir='ltr'>quidem</span> <span class='ocrx_word' id='word_1_80' title='bbox 416 1666 496 1731; x_wconf 90' lang='lat' dir='ltr'>mihi</span> <span class='ocrx_word' id='word_1_81' title='bbox 527 1669 670 1751; x_wconf 78' lang='lat' dir='ltr'>placeat,</span> <span class='ocrx_word' id='word_1_82' title='bbox 703 1671 731 1734; x_wconf 91' lang='lat' dir='ltr'>si</span> <span class='ocrx_word' id='word_1_83' title='bbox 758 1670 972 1751; x_wconf 83' lang='lat' dir='ltr'>Rangabeius</span> <span class='ocrx_word' id='word_1_84' title='bbox 1002 1670 1217 1752; x_wconf 86' lang='lat' dir='ltr'>magistratus</span> <span class='ocrx_word' id='word_1_85' title='bbox 1245 1690 1312 1732; x_wconf 87' lang='lat' dir='ltr'>ma·</span> 
     </span>
     <span class='ocr_line' id='line_1_14' title="bbox 136 1775 1311 1861; baseline 0 -23"><span class='ocrx_word' id='word_1_86' title='bbox 136 1775 226 1857; x_wconf 87' lang='lat' dir='ltr'>jores</span> <span class='ocrx_word' id='word_1_87' title='bbox 250 1775 392 1858; x_wconf 89' lang='lat' dir='ltr'>intelligi</span> <span class='ocrx_word' id='word_1_88' title='bbox 423 1777 510 1841; x_wconf 88' lang='lat' dir='ltr'>velit.</span> <span class='ocrx_word' id='word_1_89' title='bbox 557 1776 643 1841; x_wconf 83' lang='lat' dir='ltr'>Erat</span> <span class='ocrx_word' id='word_1_90' title='bbox 675 1778 778 1861; x_wconf 85' lang='lat' dir='ltr'>igitur</span> <span class='ocrx_word' id='word_1_91' title='bbox 810 1778 953 1860; x_wconf 89' lang='lat' dir='ltr'>collegii.</span> <span class='ocrx_word' id='word_1_92' title='bbox 989 1777 1077 1860; x_wconf 86' lang='lat' dir='ltr'>leges</span> <span class='ocrx_word' id='word_1_93' title='bbox 1109 1782 1142 1840; x_wconf 88' lang='lat' dir='ltr'>et</span> <span class='ocrx_word' id='word_1_94' title='bbox 1169 1776 1311 1856; x_wconf 78' lang='lat' dir='ltr'>decreta,</span> 
     </span>
     <span class='ocr_line' id='line_1_15' title="bbox 140 1882 1310 1967; baseline 0.003 -23"><span class='ocrx_word' id='word_1_95' title='bbox 140 1882 377 1947; x_wconf 83' lang='lat' dir='ltr'>deliberatione</span> <span class='ocrx_word' id='word_1_96' title='bbox 405 1884 492 1948; x_wconf 92' lang='lat' dir='ltr'>inter</span> <span class='ocrx_word' id='word_1_97' title='bbox 523 1905 557 1948; x_wconf 90' lang='lat' dir='ltr'>se</span> <span class='ocrx_word' id='word_1_98' title='bbox 587 1883 717 1963; x_wconf 80' lang='lat' dir='ltr'>habita,</span> <span class='ocrx_word' id='word_1_99' title='bbox 750 1885 877 1949; x_wconf 85' lang='lat' dir='ltr'>senatui</span> <span class='ocrx_word' id='word_1_100' title='bbox 907 1885 1093 1967; x_wconf 87' lang='lat' dir='ltr'>populoque</span> <span class='ocrx_word' id='word_1_101' title='bbox 1118 1903 1310 1966; x_wconf 83' lang='lat' dir='ltr'>proponere.</span> 
     </span>
     <span class='ocr_line' id='line_1_16' title="bbox 139 1987 1311 2075; baseline -0.001 -22"><span class='ocrx_word' id='word_1_102' title='bbox 139 1987 253 2072; x_wconf 89' lang='lat' dir='ltr'>Atque</span> <span class='ocrx_word' id='word_1_103' title='bbox 276 1988 513 2075; x_wconf 78' lang='lat' dir='ltr'>Aristoteles⁵)</span> <span class='ocrx_word' id='word_1_104' title='bbox 541 2013 610 2064; x_wconf 88' lang='lat' dir='ltr'>non</span> <span class='ocrx_word' id='word_1_105' title='bbox 630 1991 669 2054; x_wconf 92' lang='lat' dir='ltr'>de</span> <span class='ocrx_word' id='word_1_106' title='bbox 693 1991 958 2073; x_wconf 78' lang='lat' dir='ltr'>Megarensibus,</span> <span class='ocrx_word' id='word_1_107' title='bbox 991 1989 1047 2055; x_wconf 90' lang='lat' dir='ltr'>sed</span> <span class='ocrx_word' id='word_1_108' title='bbox 1079 1990 1171 2054; x_wconf 88' lang='lat' dir='ltr'>nulla</span> <span class='ocrx_word' id='word_1_109' title='bbox 1202 1996 1311 2053; x_wconf 85' lang='lat' dir='ltr'>certae</span> 
     </span>
     <span class='ocr_line' id='line_1_17' title="bbox 140 2093 1312 2180; baseline 0 -20"><span class='ocrx_word' id='word_1_110' title='bbox 140 2097 285 2161; x_wconf 87' lang='lat' dir='ltr'>civitatis</span> <span class='ocrx_word' id='word_1_111' title='bbox 309 2099 473 2162; x_wconf 88' lang='lat' dir='ltr'>mentione</span> <span class='ocrx_word' id='word_1_112' title='bbox 498 2097 588 2162; x_wconf 85' lang='lat' dir='ltr'>facta</span> <span class='ocrx_word' id='word_1_113' title='bbox 611 2099 720 2163; x_wconf 86' lang='lat' dir='ltr'>docet:</span> <span class='ocrx_word' id='word_1_114' title='bbox 746 2101 800 2163; x_wconf 81' lang='grc' dir='ltr'>καὶ</span> <span class='ocrx_word' id='word_1_115' title='bbox 815 2097 847 2164; x_wconf 77' lang='grc' dir='ltr'>ἐν</span> <span class='ocrx_word' id='word_1_116' title='bbox 862 2093 974 2177; x_wconf 74' lang='grc' dir='ltr'><strong><em>ἄλλαις</em></strong></span> <span class='ocrx_word' id='word_1_117' title='bbox 991 2099 1024 2163; x_wconf 81' lang='grc' dir='ltr'>δε</span> <span class='ocrx_word' id='word_1_118' title='bbox 1041 2098 1221 2174; x_wconf 73' lang='grc' dir='ltr'><strong><em>πολιτείαις</em></strong></span> <span class='ocrx_word' id='word_1_119' title='bbox 1236 2101 1312 2180; x_wconf 72' lang='grc' dir='ltr'><strong><em>βου·</em></strong></span> 
     </span>
     <span class='ocr_line' id='line_1_18' title="bbox 137 2197 1310 2292; baseline 0 -25"><span class='ocrx_word' id='word_1_120' title='bbox 137 2201 282 2268; x_wconf 73' lang='grc' dir='ltr'><strong><em>λούονται</em></strong></span> <span class='ocrx_word' id='word_1_121' title='bbox 310 2202 344 2268; x_wconf 83' lang='grc' dir='ltr'>αἱ</span> <span class='ocrx_word' id='word_1_122' title='bbox 373 2207 537 2292; x_wconf 77' lang='grc' dir='ltr'><strong><em>συναρχίαι</em></strong></span> <span class='ocrx_word' id='word_1_123' title='bbox 564 2209 739 2284; x_wconf 79' lang='grc' dir='ltr'><strong><em>συνιοῦσαι,</em></strong></span> <span class='ocrx_word' id='word_1_124' title='bbox 777 2205 823 2284; x_wconf 78' lang='grc' dir='ltr'>εἷς</span> <span class='ocrx_word' id='word_1_125' title='bbox 851 2207 884 2270; x_wconf 82' lang='grc' dir='ltr'>δὲ</span> <span class='ocrx_word' id='word_1_126' title='bbox 913 2204 971 2284; x_wconf 78' lang='grc' dir='ltr'>τὰς</span> <span class='ocrx_word' id='word_1_127' title='bbox 1004 2197 1103 2291; x_wconf 71' lang='grc' dir='ltr'><em>ἀρχὰς</em></span> <span class='ocrx_word' id='word_1_128' title='bbox 1129 2202 1310 2287; x_wconf 73' lang='grc' dir='ltr'><strong><em>βαδίζουσαι</em></strong></span> 
     </span>
     <span class='ocr_line' id='line_1_19' title="bbox 138 2307 1312 2396; baseline -0.001 -22"><span class='ocrx_word' id='word_1_129' title='bbox 138 2308 259 2387; x_wconf 75' lang='grc' dir='ltr'><strong><em>πάντες</em></strong></span> <span class='ocrx_word' id='word_1_130' title='bbox 287 2307 369 2373; x_wconf 79' lang='grc' dir='ltr'><strong><em>κατὰ</em></strong></span> <span class='ocrx_word' id='word_1_131' title='bbox 397 2314 503 2396; x_wconf 71' lang='grc' dir='ltr'><strong><em>μέρος,</em></strong></span> <span class='ocrx_word' id='word_1_132' title='bbox 556 2311 659 2395; x_wconf 85' lang='lat' dir='ltr'>Apud</span> <span class='ocrx_word' id='word_1_133' title='bbox 686 2311 894 2396; x_wconf 87' lang='lat' dir='ltr'>Megarenses</span> <span class='ocrx_word' id='word_1_134' title='bbox 922 2314 1053 2377; x_wconf 87' lang='lat' dir='ltr'>decreta</span> <span class='ocrx_word' id='word_1_135' title='bbox 1085 2333 1104 2375; x_wconf 82' lang='lat' dir='ltr'>a</span> <span class='ocrx_word' id='word_1_136' title='bbox 1130 2311 1312 2394; x_wconf 85' lang='lat' dir='ltr'>synarcbiis</span> 
     </span>
     <span class='ocr_line' id='line_1_20' title="bbox 139 2417 1312 2503; baseline -0.001 -22"><span class='ocrx_word' id='word_1_137' title='bbox 139 2417 182 2481; x_wconf 88' lang='lat' dir='ltr'>ad</span> <span class='ocrx_word' id='word_1_138' title='bbox 209 2417 406 2482; x_wconf 87' lang='lat' dir='ltr'>aesimnetas</span> <span class='ocrx_word' id='word_1_139' title='bbox 431 2423 463 2481; x_wconf 93' lang='lat' dir='ltr'>et</span> <span class='ocrx_word' id='word_1_140' title='bbox 487 2425 634 2483; x_wconf 88' lang='lat' dir='ltr'>senatum</span> <span class='ocrx_word' id='word_1_141' title='bbox 658 2420 880 2503; x_wconf 90' lang='lat' dir='ltr'>populumque</span> <span class='ocrx_word' id='word_1_142' title='bbox 900 2420 1107 2497; x_wconf 76' lang='lat' dir='ltr'>deferuntur3</span> <span class='ocrx_word' id='word_1_143' title='bbox 1132 2417 1218 2500; x_wconf 91' lang='lat' dir='ltr'>quod</span> <span class='ocrx_word' id='word_1_144' title='bbox 1235 2439 1312 2482; x_wconf 88' lang='lat' dir='ltr'>vero</span> 
     </span>
     <span class='ocr_line' id='line_1_21' title="bbox 140 2524 1312 2608; baseline -0.001 -20"><span class='ocrx_word' id='word_1_145' title='bbox 140 2525 173 2588; x_wconf 91' lang='lat' dir='ltr'>in</span> <span class='ocrx_word' id='word_1_146' title='bbox 197 2524 256 2589; x_wconf 83' lang='lat' dir='ltr'>illa</span> <span class='ocrx_word' id='word_1_147' title='bbox 279 2525 494 2608; x_wconf 89' lang='lat' dir='ltr'>inscriptione</span> <span class='ocrx_word' id='word_1_148' title='bbox 518 2524 762 2608; x_wconf 87' lang='lat' dir='ltr'>Aegosthenica</span> <span class='ocrx_word' id='word_1_149' title='bbox 791 2528 896 2592; x_wconf 88' lang='lat' dir='ltr'>solum</span> <span class='ocrx_word' id='word_1_150' title='bbox 920 2533 1067 2591; x_wconf 88' lang='lat' dir='ltr'>senatum</span> <span class='ocrx_word' id='word_1_151' title='bbox 1091 2524 1312 2608; x_wconf 89' lang='lat' dir='ltr'>populumque</span> 
     </span>
    </p>

    <p class='ocr_par' dir='ltr' id='par_1_4' title="bbox 61 2629 1353 3254">
     <span class='ocr_line' id='line_1_22' title="bbox 140 2629 1311 2714; baseline 0 -20"><span class='ocrx_word' id='word_1_152' title='bbox 140 2631 292 2714; x_wconf 83' lang='lat' dir='ltr'>legimus,</span> <span class='ocrx_word' id='word_1_153' title='bbox 317 2653 382 2696; x_wconf 91' lang='lat' dir='ltr'>non</span> <span class='ocrx_word' id='word_1_154' title='bbox 405 2629 526 2694; x_wconf 88' lang='lat' dir='ltr'>mirum</span> <span class='ocrx_word' id='word_1_155' title='bbox 550 2637 612 2711; x_wconf 89' lang='lat' dir='ltr'>est;</span> <span class='ocrx_word' id='word_1_156' title='bbox 636 2654 712 2697; x_wconf 87' lang='lat' dir='ltr'>narn</span> <span class='ocrx_word' id='word_1_157' title='bbox 736 2635 934 2698; x_wconf 87' lang='lat' dir='ltr'>aesimnetae</span> <span class='ocrx_word' id='word_1_158' title='bbox 951 2640 1117 2697; x_wconf 84' lang='lat' dir='ltr'>senatores</span> <span class='ocrx_word' id='word_1_159' title='bbox 1133 2632 1196 2714; x_wconf 92' lang='lat' dir='ltr'>ipsi</span> <span class='ocrx_word' id='word_1_160' title='bbox 1213 2637 1311 2712; x_wconf 87' lang='lat' dir='ltr'>atque</span> 
     </span>
     <span class='ocr_line' id='line_1_23' title="bbox 61 2719 1311 2823; baseline 0 -21"><span class='ocrx_word' id='word_1_161' title='bbox 61 2719 64 2727; x_wconf 43' lang='lat'>¹</span> <span class='ocrx_word' id='word_1_162' title='bbox 144 2739 264 2803; x_wconf 87' lang='lat' dir='ltr'>delecti</span> <span class='ocrx_word' id='word_1_163' title='bbox 287 2739 416 2821; x_wconf 88' lang='lat' dir='ltr'>quidem</span> <span class='ocrx_word' id='word_1_164' title='bbox 441 2745 527 2803; x_wconf 87' lang='lat' dir='ltr'>sunt.</span> <span class='ocrx_word' id='word_1_165' title='bbox 574 2737 668 2821; x_wconf 81' lang='lat' dir='ltr'>Quae</span> <span class='ocrx_word' id='word_1_166' title='bbox 693 2763 765 2805; x_wconf 88' lang='lat' dir='ltr'>cum</span> <span class='ocrx_word' id='word_1_167' title='bbox 789 2741 838 2805; x_wconf 87' lang='lat' dir='ltr'>ita</span> <span class='ocrx_word' id='word_1_168' title='bbox 861 2743 935 2820; x_wconf 87' lang='lat' dir='ltr'>sint,</span> <span class='ocrx_word' id='word_1_169' title='bbox 961 2729 1173 2823; x_wconf 74' lang='lat' dir='ltr'>Welckero⁷)</span> <span class='ocrx_word' id='word_1_170' title='bbox 1202 2759 1311 2802; x_wconf 85' lang='lat' dir='ltr'>assen-</span> 
     </span>
     <span class='ocr_line' id='line_1_24' title="bbox 139 2844 1312 2930; baseline -0.003 -20"><span class='ocrx_word' id='word_1_171' title='bbox 139 2846 196 2910; x_wconf 92' lang='lat' dir='ltr'>tiri</span> <span class='ocrx_word' id='word_1_172' title='bbox 230 2867 295 2909; x_wconf 90' lang='lat' dir='ltr'>non</span> <span class='ocrx_word' id='word_1_173' title='bbox 324 2867 472 2928; x_wconf 88' lang='lat' dir='ltr'>possum,</span> <span class='ocrx_word' id='word_1_174' title='bbox 509 2847 566 2929; x_wconf 91' lang='lat' dir='ltr'>qui</span> <span class='ocrx_word' id='word_1_175' title='bbox 596 2847 788 2930; x_wconf 82' lang='lat' dir='ltr'>synarchias</span> <span class='ocrx_word' id='word_1_176' title='bbox 816 2847 888 2911; x_wconf 86' lang='lat' dir='ltr'>loeo</span> <span class='ocrx_word' id='word_1_177' title='bbox 920 2853 1181 2930; x_wconf 84' lang='lat' dir='ltr'>aesymnetarum</span> <span class='ocrx_word' id='word_1_178' title='bbox 1212 2844 1312 2908; x_wconf 86' lang='lat' dir='ltr'>fuisse</span> 
     </span>
     <span class='ocr_line' id='line_1_25' title="bbox 140 2935 1353 3038; baseline -0.001 -23"><span class='ocrx_word' id='word_1_179' title='bbox 140 2958 261 3017; x_wconf 89' lang='lat' dir='ltr'>censet.</span> <span class='ocrx_word' id='word_1_180' title='bbox 307 2951 395 3016; x_wconf 87' lang='lat' dir='ltr'>Nam</span> <span class='ocrx_word' id='word_1_181' title='bbox 419 2955 447 3018; x_wconf 91' lang='lat' dir='ltr'>si</span> <span class='ocrx_word' id='word_1_182' title='bbox 471 2955 505 3018; x_wconf 89' lang='lat' dir='ltr'>in</span> <span class='ocrx_word' id='word_1_183' title='bbox 529 2954 627 3018; x_wconf 87' lang='lat' dir='ltr'>titulo</span> <span class='ocrx_word' id='word_1_184' title='bbox 652 2955 710 3019; x_wconf 92' lang='lat' dir='ltr'>illo</span> <span class='ocrx_word' id='word_1_185' title='bbox 726 2953 894 3038; x_wconf 87' lang='lat' dir='ltr'>Megarico</span> <span class='ocrx_word' id='word_1_186' title='bbox 912 2955 1076 3019; x_wconf 88' lang='lat' dir='ltr'>decretum</span> <span class='ocrx_word' id='word_1_187' title='bbox 1093 2975 1113 3017; x_wconf 86' lang='lat' dir='ltr'>a</span> <span class='ocrx_word' id='word_1_188' title='bbox 1130 2953 1311 3035; x_wconf 86' lang='lat' dir='ltr'>synarcbiis</span> <span class='ocrx_word' id='word_1_189' title='bbox 1350 2935 1353 2941; x_wconf 36' lang='lat'><em>¹</em></span> 
     </span>
     <span class='ocr_line' id='line_1_26' title="bbox 139 3059 1310 3145; baseline 0 -21"><span class='ocrx_word' id='word_1_190' title='bbox 139 3060 286 3124; x_wconf 90' lang='lat' dir='ltr'>defertur</span> <span class='ocrx_word' id='word_1_191' title='bbox 309 3059 350 3124; x_wconf 88' lang='lat' dir='ltr'>ad</span> <span class='ocrx_word' id='word_1_192' title='bbox 375 3061 570 3126; x_wconf 83' lang='lat' dir='ltr'>aesimnetas</span> <span class='ocrx_word' id='word_1_193' title='bbox 595 3069 628 3126; x_wconf 91' lang='lat' dir='ltr'>et</span> <span class='ocrx_word' id='word_1_194' title='bbox 652 3069 799 3126; x_wconf 86' lang='lat' dir='ltr'>senatum</span> <span class='ocrx_word' id='word_1_195' title='bbox 824 3062 1056 3145; x_wconf 80' lang='lat' dir='ltr'>populumque,</span> <span class='ocrx_word' id='word_1_196' title='bbox 1082 3060 1153 3124; x_wconf 91' lang='lat' dir='ltr'>fieri</span> <span class='ocrx_word' id='word_1_197' title='bbox 1174 3081 1237 3124; x_wconf 87' lang='lat' dir='ltr'>nou</span> <span class='ocrx_word' id='word_1_198' title='bbox 1255 3081 1310 3142; x_wconf 92' lang='lat' dir='ltr'>po-</span> 
     </span>
     <span class='ocr_line' id='line_1_27' title="bbox 139 3167 1272 3254; baseline -0.001 -24"><span class='ocrx_word' id='word_1_199' title='bbox 139 3173 213 3240; x_wconf 85' lang='lat' dir='ltr'>test,</span> <span class='ocrx_word' id='word_1_200' title='bbox 237 3173 275 3230; x_wconf 93' lang='lat' dir='ltr'>ut</span> <span class='ocrx_word' id='word_1_201' title='bbox 299 3167 547 3248; x_wconf 85' lang='lat' dir='ltr'>synarcbiarum</span> <span class='ocrx_word' id='word_1_202' title='bbox 570 3170 700 3233; x_wconf 89' lang='lat' dir='ltr'>nomine</span> <span class='ocrx_word' id='word_1_203' title='bbox 724 3168 785 3254; x_wconf 87' lang='lat' dir='ltr'>ipsi</span> <span class='ocrx_word' id='word_1_204' title='bbox 811 3169 1011 3233; x_wconf 86' lang='lat' dir='ltr'>aesimnetae</span> <span class='ocrx_word' id='word_1_205' title='bbox 1035 3167 1272 3248; x_wconf 79' lang='lat' dir='ltr'>intelligantur.</span> 
     </span>
    </p>
   </div>
   <div class='ocr_carea' id='block_1_4' title="bbox 137 3325 1311 3740">
    <p class='ocr_par' dir='ltr' id='par_1_5' title="bbox 137 3325 1311 3740">
     <span class='ocr_line' id='line_1_28' title="bbox 245 3325 1311 3411; baseline 0.004 -23"><span class='ocrx_word' id='word_1_206' title='bbox 245 3325 398 3408; x_wconf 90' lang='lat' dir='ltr'>Denique</span> <span class='ocrx_word' id='word_1_207' title='bbox 422 3349 486 3410; x_wconf 94' lang='lat' dir='ltr'>quo</span> <span class='ocrx_word' id='word_1_208' title='bbox 516 3334 663 3411; x_wconf 88' lang='lat' dir='ltr'>tempore</span> <span class='ocrx_word' id='word_1_209' title='bbox 695 3329 889 3411; x_wconf 87' lang='lat' dir='ltr'>synarchiae</span> <span class='ocrx_word' id='word_1_210' title='bbox 917 3329 1057 3410; x_wconf 83' lang='lat' dir='ltr'>primum</span> <span class='ocrx_word' id='word_1_211' title='bbox 1086 3327 1119 3391; x_wconf 91' lang='lat' dir='ltr'>in</span> <span class='ocrx_word' id='word_1_212' title='bbox 1142 3326 1311 3409; x_wconf 87' lang='lat' dir='ltr'>Megaride</span> 
     </span>
     <span class='ocr_line' id='line_1_29' title="bbox 138 3433 1311 3518; baseline 0.003 -23"><span class='ocrx_word' id='word_1_213' title='bbox 138 3433 309 3498; x_wconf 84' lang='lat' dir='ltr'>institutae</span> <span class='ocrx_word' id='word_1_214' title='bbox 334 3433 409 3518; x_wconf 78' lang='lat' dir='ltr'>sint,</span> <span class='ocrx_word' id='word_1_215' title='bbox 435 3456 499 3500; x_wconf 93' lang='lat' dir='ltr'>non</span> <span class='ocrx_word' id='word_1_216' title='bbox 523 3435 638 3517; x_wconf 88' lang='lat' dir='ltr'>liquet.</span> <span class='ocrx_word' id='word_1_217' title='bbox 685 3434 751 3502; x_wconf 84' lang='lat' dir='ltr'>Sed</span> <span class='ocrx_word' id='word_1_218' title='bbox 775 3435 910 3500; x_wconf 89' lang='lat' dir='ltr'>dubium</span> <span class='ocrx_word' id='word_1_219' title='bbox 936 3456 998 3499; x_wconf 86' lang='lat' dir='ltr'>uon</span> <span class='ocrx_word' id='word_1_220' title='bbox 1031 3442 1088 3512; x_wconf 87' lang='lat' dir='ltr'>est,</span> <span class='ocrx_word' id='word_1_221' title='bbox 1121 3435 1198 3516; x_wconf 91' lang='lat' dir='ltr'>quin</span> <span class='ocrx_word' id='word_1_222' title='bbox 1231 3441 1311 3499; x_wconf 90' lang='lat' dir='ltr'>tem·</span> 
     </span>
     <span class='ocr_line' id='line_1_30' title="bbox 137 3539 1311 3620; baseline 0.004 -18"><span class='ocrx_word' id='word_1_223' title='bbox 137 3539 273 3620; x_wconf 90' lang='lat' dir='ltr'>poribus</span> <span class='ocrx_word' id='word_1_224' title='bbox 297 3539 439 3604; x_wconf 87' lang='lat' dir='ltr'>foederis</span> <span class='ocrx_word' id='word_1_225' title='bbox 462 3540 604 3607; x_wconf 87' lang='lat' dir='ltr'>Achaici</span> <span class='ocrx_word' id='word_1_226' title='bbox 630 3543 725 3608; x_wconf 85' lang='lat' dir='ltr'>valde</span> <span class='ocrx_word' id='word_1_227' title='bbox 749 3542 929 3610; x_wconf 83' lang='lat' dir='ltr'>floruerint.</span> <span class='ocrx_word' id='word_1_228' title='bbox 978 3540 1064 3605; x_wconf 90' lang='lat' dir='ltr'>Nam</span> <span class='ocrx_word' id='word_1_229' title='bbox 1081 3540 1165 3604; x_wconf 86' lang='lat' dir='ltr'>bano</span> <span class='ocrx_word' id='word_1_230' title='bbox 1181 3541 1311 3606; x_wconf 90' lang='lat' dir='ltr'>institu-</span> 
     </span>
     <span class='ocr_line' id='line_1_31' title="bbox 138 3646 1310 3740; baseline 0.004 -31"><span class='ocrx_word' id='word_1_231' title='bbox 138 3646 258 3712; x_wconf 89' lang='lat' dir='ltr'>tionem</span> <span class='ocrx_word' id='word_1_232' title='bbox 285 3648 318 3712; x_wconf 90' lang='lat' dir='ltr'>in</span> <span class='ocrx_word' id='word_1_233' title='bbox 342 3647 400 3711; x_wconf 93' lang='lat' dir='ltr'>illo</span> <span class='ocrx_word' id='word_1_234' title='bbox 424 3647 553 3712; x_wconf 87' lang='lat' dir='ltr'>foedere</span> <span class='ocrx_word' id='word_1_235' title='bbox 575 3649 642 3714; x_wconf 87' lang='lat' dir='ltr'>late</span> <span class='ocrx_word' id='word_1_236' title='bbox 666 3651 814 3740; x_wconf 83' lang='lat' dir='ltr'>patuisse</span> <span class='ocrx_word' id='word_1_237' title='bbox 839 3671 879 3714; x_wconf 88' lang='lat' dir='ltr'>ex</span> <span class='ocrx_word' id='word_1_238' title='bbox 903 3648 1077 3730; x_wconf 68' lang='lat' dir='ltr'>Polybiou</span> <span class='ocrx_word' id='word_1_239' title='bbox 1109 3655 1219 3712; x_wconf 87' lang='lat' dir='ltr'>uotum</span> <span class='ocrx_word' id='word_1_240' title='bbox 1252 3656 1310 3716; x_wconf 87' lang='lat' dir='ltr'>est.</span> 
     </span>
    </p>
   </div>
   <div class='ocr_carea' id='block_1_5' title="bbox 243 3979 897 4584">
    <p class='ocr_par' dir='ltr' id='par_1_6' title="bbox 247 3979 584 4052">
     <span class='ocr_line' id='line_1_32' title="bbox 247 3979 584 4052; baseline 0.012 -19"><span class='ocrx_word' id='word_1_241' title='bbox 247 3982 268 4050; x_wconf 73' lang='grc'>1)</span> <span class='ocrx_word' id='word_1_242' title='bbox 287 3979 359 4034; x_wconf 85' lang='lat' dir='ltr'>Aen.</span> <span class='ocrx_word' id='word_1_243' title='bbox 380 3981 459 4036; x_wconf 67' lang='grc' dir='ltr'><strong><em>Τισὶ.</em></strong></span> <span class='ocrx_word' id='word_1_244' title='bbox 480 4001 540 4052; x_wconf 83' lang='lat' dir='ltr'>cap.</span> <span class='ocrx_word' id='word_1_245' title='bbox 555 3989 584 4037; x_wconf 74' lang='lat' dir='ltr'>l.</span> 
     </span>
    </p>

    <p class='ocr_par' dir='ltr' id='par_1_7' title="bbox 244 4069 603 4141">
     <span class='ocr_line' id='line_1_33' title="bbox 244 4069 603 4141; baseline 0.011 -19"><span class='ocrx_word' id='word_1_246' title='bbox 244 4069 266 4137; x_wconf 75' lang='lat'>²)</span> <span class='ocrx_word' id='word_1_247' title='bbox 286 4070 315 4124; x_wconf 87' lang='lat' dir='ltr'>C.</span> <span class='ocrx_word' id='word_1_248' title='bbox 337 4070 364 4124; x_wconf 92' lang='lat' dir='ltr'>J.</span> <span class='ocrx_word' id='word_1_249' title='bbox 386 4071 434 4125; x_wconf 82' lang='lat' dir='ltr'>Gr.</span> <span class='ocrx_word' id='word_1_250' title='bbox 454 4072 477 4128; x_wconf 92' lang='lat' dir='ltr'>I.</span> <span class='ocrx_word' id='word_1_251' title='bbox 497 4090 524 4141; x_wconf 88' lang='lat' dir='ltr'>p.</span> <span class='ocrx_word' id='word_1_252' title='bbox 544 4078 603 4127; x_wconf 80' lang='grc'><strong>610.</strong></span> 
     </span>
    </p>

    <p class='ocr_par' dir='ltr' id='par_1_8' title="bbox 245 4158 623 4230">
     <span class='ocr_line' id='line_1_34' title="bbox 245 4158 623 4230; baseline 0.008 -18"><span class='ocrx_word' id='word_1_253' title='bbox 245 4159 267 4227; x_wconf 74' lang='lat'>³)</span> <span class='ocrx_word' id='word_1_254' title='bbox 281 4158 407 4214; x_wconf 85' lang='lat' dir='ltr'>·Visober</span> <span class='ocrx_word' id='word_1_255' title='bbox 426 4160 515 4217; x_wconf 89' lang='lat' dir='ltr'>Beitr.</span> <span class='ocrx_word' id='word_1_256' title='bbox 535 4180 561 4230; x_wconf 90' lang='lat' dir='ltr'>p.</span> <span class='ocrx_word' id='word_1_257' title='bbox 584 4167 623 4215; x_wconf 80' lang='lat' dir='ltr'>ll.</span> 
     </span>
    </p>

    <p class='ocr_par' dir='ltr' id='par_1_9' title="bbox 243 4247 530 4318">
     <span class='ocr_line' id='line_1_35' title="bbox 243 4247 530 4318; baseline 0.01 -17"><span class='ocrx_word' id='word_1_258' title='bbox 243 4248 265 4314; x_wconf 64' lang='grc' dir='ltr'>*ί</span> <span class='ocrx_word' id='word_1_259' title='bbox 285 4247 377 4318; x_wconf 87' lang='lat' dir='ltr'>Rang.</span> <span class='ocrx_word' id='word_1_260' title='bbox 399 4249 451 4304; x_wconf 91' lang='lat' dir='ltr'>No.</span> <span class='ocrx_word' id='word_1_261' title='bbox 472 4253 530 4304; x_wconf 78' lang='lat'>704.</span> 
     </span>
    </p>

    <p class='ocr_par' dir='ltr' id='par_1_10' title="bbox 244 4337 872 4492">
     <span class='ocr_line' id='line_1_36' title="bbox 245 4337 872 4408; baseline 0.008 -19"><span class='ocrx_word' id='word_1_262' title='bbox 245 4337 267 4404; x_wconf 77' lang='lat' dir='ltr'>l)</span> <span class='ocrx_word' id='word_1_263' title='bbox 286 4338 407 4392; x_wconf 85' lang='lat' dir='ltr'>Aristot.</span> <span class='ocrx_word' id='word_1_264' title='bbox 428 4340 485 4408; x_wconf 91' lang='lat' dir='ltr'>pol.</span> <span class='ocrx_word' id='word_1_265' title='bbox 506 4337 558 4393; x_wconf 92' lang='lat' dir='ltr'>IV.</span> <span class='ocrx_word' id='word_1_266' title='bbox 580 4344 665 4395; x_wconf 58' lang='lat'>143.</span> <span class='ocrx_word' id='word_1_267' title='bbox 687 4343 755 4394; x_wconf 70' lang='lat'>1298</span> <span class='ocrx_word' id='word_1_268' title='bbox 774 4341 810 4395; x_wconf 85' lang='lat' dir='ltr'>A.</span> <span class='ocrx_word' id='word_1_269' title='bbox 833 4343 872 4394; x_wconf 78' lang='lat' dir='ltr'>ll.</span> 
     </span>
     <span class='ocr_line' id='line_1_37' title="bbox 244 4423 723 4492; baseline 0.023 -16"><span class='ocrx_word' id='word_1_270' title='bbox 244 4425 267 4492; x_wconf 79' lang='lat'>⁶)</span> <span class='ocrx_word' id='word_1_271' title='bbox 286 4423 430 4480; x_wconf 85' lang='lat' dir='ltr'>Bulletino</span> <span class='ocrx_word' id='word_1_272' title='bbox 450 4427 517 4483; x_wconf 85' lang='lat' dir='ltr'>dell’</span> <span class='ocrx_word' id='word_1_273' title='bbox 536 4428 624 4482; x_wconf 83' lang='lat' dir='ltr'>instit.</span> <span class='ocrx_word' id='word_1_274' title='bbox 646 4433 723 4488; x_wconf 78' lang='lat'>1843.</span> 
     </span>
    </p>

    <p class='ocr_par' dir='ltr' id='par_1_11' title="bbox 247 4513 897 4584">
     <span class='ocr_line' id='line_1_38' title="bbox 247 4513 897 4584; baseline 0.008 -18"><span class='ocrx_word' id='word_1_275' title='bbox 247 4513 267 4583; x_wconf 65' lang='lat'>²)</span> <span class='ocrx_word' id='word_1_276' title='bbox 286 4513 386 4584; x_wconf 89' lang='lat' dir='ltr'>Polyb.</span> <span class='ocrx_word' id='word_1_277' title='bbox 406 4515 523 4570; x_wconf 80' lang='lat' dir='ltr'>XXVII</span> <span class='ocrx_word' id='word_1_278' title='bbox 542 4521 565 4572; x_wconf 77' lang='lat'>2.</span> <span class='ocrx_word' id='word_1_279' title='bbox 590 4524 628 4571; x_wconf 85' lang='lat'>11.</span> <span class='ocrx_word' id='word_1_280' title='bbox 648 4517 810 4573; x_wconf 86' lang='lat' dir='ltr'>XXXVIII</span> <span class='ocrx_word' id='word_1_281' title='bbox 829 4524 853 4582; x_wconf 78' lang='lat'>5,</span> <span class='ocrx_word' id='word_1_282' title='bbox 873 4523 897 4571; x_wconf 87' lang='grc'>4.</span> 
     </span>
    </p>
   </div>
   <div class='ocr_carea' id='block_1_6' title="bbox 0 0 1528 4878">
    <p class='ocr_par' dir='ltr' id='par_1_12' title="bbox 0 0 1528 4878">
     <span class='ocr_line' id='line_1_39' title="bbox 0 0 1528 4878; baseline 0 0"><span class='ocrx_word' id='word_1_283' title='bbox 0 0 1528 4878; x_wconf 95' lang='lat' dir='ltr'> </span> 
     </span>
    </p>
   </div>
  </div>
 </body>
</html>
