3048 4878
693 233 915 298 ..93-

217 414 276 472 ret.
324 403 389 474 Sed
413 430 486 474 cum
511 415 644 474 senatus
668 431 799 494 quoque
824 411 932 475 scriba
955 411 1151 490 nominetur,
1180 431 1275 474 nemo
1298 410 1391 474 varia

217 515 287 580 eins
311 535 444 579 munera
474 516 537 580 sibi
567 516 691 596 fingere
726 538 790 581 non
825 519 957 600 poterit,
994 518 1021 580 si
1057 517 1230 582 variorum¹
1258 523 1391 580 senatus

216 624 420 704 negotiorum
446 623 640 688 meminerit.
688 623 836 688 Primum
863 625 947 688 enirn
972 623 1042 686 eius
1067 630 1138 688 erat
1162 629 1294 688 senatus
1316 645 1391 686 rou-

218 729 305 794 sulta
330 730 451 793 litteris
475 731 675 808 ‹rorrsignara
702 731 818 794 deiude
846 731 1031 812 quicunque
1059 729 1261 812 rogationem
1290 730 1392 792 laturi

218 843 319 902 orant.
347 838 417 900 eius
442 837 578 900 consilio
603 838 791 901 utebantur.

323 943 479 1006 Alterum
503 943 654 1010 scribam.
681 945 738 1025 qui
762 945 953 1026 appellatur
975 941 1179 1030 γραμματεὺς
1201 947 1259 1006 roi·
1276 942 1389 1024 ὄάμου,

217 1071 311 1130 quom
341 1050 592 1132 magistratibus
623 1051 805 1114 minoribus
835 1051 1115 1115 adnumerandum
1149 1056 1242 1132 puto.
1278 1059 1391 1131 postea

217 1163 384 1221 tracturus
409 1179 490 1222 sum.

322 1262 453 1328 Tertius
478 1264 597 1343 scriba,
623 1266 678 1345 qui
704 1265 736 1327 in
762 1265 866 1328 titulis
889 1265 982 1330 nobis
999 1265 1151 1344 occurrit,
1177 1269 1227 1328 est
1242 1288 1391 1349 γραμμα-

216 1368 289 1447 τεὺς
311 1374 375 1434 τῶν
397 1371 562 1456 συνέδρων.
609 1370 687 1436 lam
703 1393 820 1435 nomen
846 1373 953 1452 ipsum
978 1371 1102 1436 indicat
1126 1373 1195 1434 eius
1219 1370 1390 1452 originem.

218 1477 259 1540 lu
285 1475 452 1540 nonnullis
469 1479 551 1541 enim
569 1477 770 1542 Boeotorum
787 1479 934 1545 urbibus,
960 1472 1049 1542 velut
1066 1477 1267 1560 Acraphiae‚
1284 1475 1391 1540 Chae·

217 1605 349 1664 rouene,
386 1584 477 1664 alibi,
514 1592 683 1648 senatores
720 1585 929 1667 appellantur
965 1584 1118 1671 σύνεδροι.
1181 1584 1301 1665 ltaque
1338 1583 1391 1647 hic

217 1691 324 1752 scriba
348 1691 416 1754 sine
441 1690 540 1755 dubio
565 1714 585 1754 a
607 1692 858 1774 Megarensibus
887 1701 956 1756 tuur
986 1713 1059 1756 cum
1088 1692 1167 1756 socii
1192 1691 1391 1754 Boeotorum

218 1805 320 1876 erant,
345 1798 516 1862 institutus
541 1806 600 1862 est.
649 1797 711 1864 Sed
736 1800 843 1862 scriba
868 1806 999 1864 senatus
1022 1799 1201 1881 populique
1230 1817 1293 1860 non
1321 1797 1391 1878 jam

217 1910 490 1968 commemoratur
514 1912 546 1969 et
571 1905 679 1970 scriba
703 1913 891 1970 senatorum
916 1907 985 1971 cius
1009 1906 1133 1982 locum,
1165 1904 1313 1988 quamvis
1342 1903 1391 1966 ‹li-

217 2012 344 2100 rninuta
379 2013 585 2092 auctoritate,
623 2012 804 2076 obtinuisse
841 2013 978 2078 ridetur.
1045 2012 1132 2076 Nam
1171 2033 1243 2076 cum
1282 2011 1391 2074 scriba

219 2125 351 2182 senatus
379 2118 557 2202 populique
586 2140 664 2194 cum¹
682 2141 758 2200 rege
782 2120 1059 2202 praetoribusque
1083 2119 1117 2183 in
1143 2119 1250 2182 fronte
1282 2117 1392 2181 ‹lecre-

216 2232 325 2289 torum
349 2227 595 2292 commemorari
628 2227 745 2305 soleat,
775 2227 828 2290 hic
860 2249 1027 2310 nunquam
1056 2226 1205 2290 archonti
1238 2235 1270 2289 et
1298 2224 1389 2307 pole·

216 2332 358 2396 marchis
387 2332 648 2396 adscribebatur.
696 2333 745 2396 At
773 2334 863 2397 solus
889 2335 1054 2398 iuvenitur
1082 2333 1177 2396 initio
1207 2313 1381 2421 titulorum

218 2439 250 2500 iu
279 2439 397 2520 quibus
427 2440 625 2522 epheborum
655 2441 787 2504 nomina
812 2442 916 2506 incisa
940 2448 1030 2520 sunt3
1056 2462 1122 2523 qua
1147 2462 1185 2502 ex
1210 2462 1243 2502 re
1272 2427 1390 2520 elucet,

216 2546 244 2607 ei
270 2546 430 2610 rationem
454 2546 600 2628 aliquam
624 2569 696 2610 cum
721 2547 857 2628 ephebis
874 2549 1105 2612 intercessisse.
1155 2547 1265 2627 Atque
1282 2547 1392 2628 proxi-

216 2675 302 2716 murn
328 2660 387 2717 est.
412 2660 448 2716 ut
473 2652 677 2736 colligamus
703 2675 776 2716 eum
801 2653 1001 2736 epheborum
1030 2653 1160 2734 nourina
1193 2653 1226 2714 in
1258 2651 1392 2715 tabulas

216 2760 375 2824 retulisse.

652 2903 710 2968 De
735 2903 949 2968 archonte.

324 3027 364 3090 In
396 3029 561 3092 nonnullis
593 3029 702 3092 titulis
731 3027 877 3110 Megaris
911 3035 944 3091 et
977 3027 1201 3110 Aegosthenis
1233 3025 1391 3091 consectis

217 3133 340 3196 archon
365 3155 541 3218 eponymus
558 3137 784 3218 praescriptus
808 3143 867 3215 est,
893 3137 939 3199 cis
957 3135 1170 3217 temporibus,
1195 3135 1390 3216 quibus-ur-

217 3240 273 3304 bes
304 3241 492 3322 Megaricae
528 3263 562 3305 se
598 3243 638 3305 arl
676 3243 866 3305 societatem
895 3241 1094 3305 Boeotorum
1131 3241 1388 3324 applicarcrant.

216 3346 300 3410 Eum
325 3349 554 3430 magistratum
580 3349 682 3411 fuisse
707 3350 794 3412 inter
818 3369 918 3412 annos
939 3347 1400 3434 ⁹²³j'192Foucartuscensct,'

215 3453 434 3538 Larfcldius¹)
468 3456 737 3530 autembrevius
767 3458 924 3538 temporis
953 3457 1097 3538 spatium
1128 3455 1258 3520 statuit.
1306 3453 1391 3518 Uter

214 3563 337 3626 rectius
358 3562 566 3645 judicaverit,
592 3584 677 3626 nunc
701 3568 750 3625 cst
774 3562 1080 3626 considerandum,

321 3668 509 3734 Larfeldius
541 3669 678 3752 profert,
703 3669 912 3752 Megarenses
944 3689 971 3732 a.
1006 3675 1069 3734 ‘223
1098 3669 1139 3734 ab
1164 3668 1310 3732 Achaeis
1345 3665 1389 3730 ad

214 3776 358 3841 Boeotos
381 3777 549 3856 defecisse,
576 3776 632 3840 sed
648 3783 762 3858 postea
778 3815 822 3824 —
839 3777 978 3859 Polybio
991 3775 1019 3860 2)
1044 3784 1180 3840 auctore
1201 3775 1289 3840 baud
1305 3775 1390 3838 mul-

214 3891 248 3946 to
280 3891 356 3947 ante
389 3884 510 3946 bellum
542 3906 615 3946 cum
641 3884 807 3947 Antiocho
840 3891 967 3966 gestum
991 3887 1164 3948 lea—189
1187 3883 1293 3946 denuo
1314 3903 1389 3946 cum

214 3991 359 4055 Achaeis
384 3991 528 4077 stetisse3
564 4013 662 4071 quam
699 3991 922 4070 defectionem,
957 3997 994 4054 ut
1029 3991 1275 4068 ulciscerentur,
1311 4010 1389 4052 mox

214 4098 603 4184 Megarensibus-bellum
627 4099 766 4188 inlatum
791 4119 859 4161 esse
883 4097 1055 4162 aB0eotis
1079 4104 1193 4161 notum
1218 4103 1278 4160 est.
1325 4095 1388 4159 At-

214 4226 276 4286 que
302 4203 339 4266 Τ.
365 4202 539 4286 Quinctius
563 4204 769 4268 Flamininus
794 4227 822 4267 a.
842 4209 919 4299 ‚lae
952 4205 1026 4268 aliis
1055 4203 1215 4269 Graeciae
1244 4202 1388 4266 civitati-

324 4399 344 4467 ¹)
365 4397 482 4451 Irarfeld
502 4400 562 4466 syll.
583 4398 665 4452 inser.
686 4399 785 4452 Boeot.
807 4419 832 4468 p.
854 4399 936 4452 Vlll.

325 4485 347 4555 ²)
366 4485 465 4554 Polyb.
485 4487 548 4540 XX.
569 4493 593 4541 (i.
613 4494 638 4552 a,
971 4513 975 4520 ’
