3048 4878
717 263 938 328 ..42-

293 473 295 476 -
356 437 419 502 Sed
444 437 518 502 inrle
542 439 583 502 ab
609 437 890 520 Augustiuetatc
918 440 1047 504 decreta
1075 440 1235 504 eiusmodi
1267 463 1328 504 uon
1352 439 1427 522 jain

250 551 391 628 exstant,
416 567 518 628 quare
535 545 653 628 opiner
668 547 770 613 ilicet.
805 548 992 630 Augustum
1016 547 1077 612 hoc
1100 547 1288 612 institutum
1313 557 1429 630 sustu·
1502 569 1503 572 ¹

240 651 369 737 -lisse;¹)
392 673 489 734 quarn
513 653 546 718 in
563 653 780 736 suspicionem
805 675 842 717 eo
866 655 970 736 magis
995 653 1197 736 adducimur,
1222 654 1309 736 quod
1333 645 1429 738 orie-pf

247 757 370 844 yerov²l
392 759 575 843 appellatio
599 761 816 842 permansisse
840 761 980 828 videtur.

355 865 460 931 Tituli
485 867 724 949 Megarensium
755 874 787 930 et
820 865 1138 949 Aegosthenitarurn
1162 869 1296 951 plurimi
1328 869 1429 932 tertii

248 981 280 1038 et
304 974 437 1038 secundi
461 975 585 1038 saeculi
609 997 637 1042 a.
655 973 732 1038 Ghr.
747 997 778 1038 n.
804 983 890 1054 sunt,
915 975 1034 1056 quibus
1051 976 1250 1058 temporibus
1263 977 1430 1058 proxenia

248 1082 388 1146 maxime
416 1079 538 1146 floruit.
585 1081 638 1145 De
673 1083 800 1146 ratione
835 1082 1029 1147 decernendi
1062 1084 1124 1147 hoc
1159 1083 1261 1147 statui
1294 1089 1429 1165 potest:

249 1185 340 1252 (liris
364 1188 415 1252 vel
439 1189 655 1272 magistratus
679 1188 904 1276 προβούλευμα
927 1212 947 1254 a
977 1196 1091 1254 senatu
1116 1189 1302 1254 faciendum
1328 1211 1429 1252 cura-

248 1295 321 1376 bat,
354 1295 442 1378 quod
472 1296 505 1358 in
534 1296 684 1359 contione
716 1297 941 1379 sanciebatur;
977 1318 1042 1378 quo
1077 1296 1175 1376 facto.
1211 1294 1282 1360 ἐπεὶ
1313 1291 1355 1360 αα
1387 1295 1430 1359 τὸ

249 1399 403 1488 pulpitum
425 1407 570 1488 καρωθεῑ
592 1442 634 1449 -
658 1391 822 1467 decretum
836 1404 963 1468 scribae
987 1404 1101 1486 populi
1129 1411 1187 1467 aut
1203 1403 1429 1486 polemarchis

249 1509 459 1573 deferebatur
483 1509 650 1573 columnae
682 1510 890 1575 incidendum
920 1518 953 1574 et
977 1511 1145 1590 columna,
1182 1531 1247 1593 quo
1271 1511 1342 1574 loco
1367 1532 1429 1592 po-

249 1615 346 1698 pulus
375 1617 533 1699 jusserat.
566 1616 799 1680 collocabatur.
854 1617 905 1680 Ex
939 1618 1161 1682 additamento
1191 1617 1318 1702 tituli'l)
1344 1610 1428 1681 ἅνα-

247 1722 372 1810 γράψαι
409 1723 441 1787 δὲ
482 1715 576 1786 tricor
610 1723 663 1786 καὶ
701 1721 748 1800 εἰς
786 1722 916 1801 στάλαν,
953 1722 999 1802 εἰς
1039 1717 1140 1809 ὅνπερ
1173 1725 1227 1787 καὶ
1265 1722 1304 1787 οἷ’
1330 1717 1427 1788 ἄλλοι

249 1830 413 1919 πρόξενοι,
450 1837 481 1894 et
513 1831 620 1894 verbis
652 1819 840 1913 praemissis
865 1824 1049 1916 ἀναγράψαι
1072 1830 1125 1895 mir
1154 1836 1342 1916 γραμματέα
1366 1836 1427 1894 roi·

250 1936 353 2021 δόμου
384 1936 416 2003 ἐν
444 1937 558 2002 ordior
581 1939 633 2002 rol
658 1930 799 2019 ἀνθέμια)
833 1937 943 2019 colligi
973 1945 1094 2020 potest,
1129 1946 1259 2021 praeter
1283 1938 1424 2020 lapidea,

250 2047 282 2110 in
315 2046 434 2128 quibus
464 2047 601 2128 singulis
637 2045 766 2126 singula
802 2045 934 2109 decreta
969 2051 1104 2110 exarata
1140 2052 1267 2126 e1·ant‚·
1289 2044 1425 2109 tabulas
1506 2097 1507 2106 ,

251 2153 366 2232 fuisse,
401 2154 458 2236 qui
493 2152 671 2216 laterculos
703 2154 846 2215 omnium
871 2153 1016 2216 civitatis
1040 2165 1255 2234 proxenorum
1279 2153 1425 2216 contine-

250 2267 331 2324 rent.
389 2259 521 2343 Quanta
556 2259 727 2341 superficie
761 2261 845 2323 tales
886 2259 1019 2323 tabulae
1054 2259 1191 2332 fuerint,
1228 2273 1425 2342 cognoscere

251 2383 423 2451 possumus
448 2389 465 2430 e
495 2365 595 2430 titulo
623 2364 831 2451 Delphicof)
862 2389 925 2448 quc
955 2373 1086 2430 centum
1120 2368 1257 2449 triginta
1291 2367 1426 2431 nomina

186 2493 188 2498 ’
251 2495 469 2558 proxenorum
509 2473 715 2538 exhibentur.
770 2471 861 2539 Ordo
901 2475 1067 2538 nominum
1097 2474 1243 2538 diversus
1283 2474 1425 2556 cogitari

251 2588 366 2665 potest.
413 2581 454 2645 In
478 2581 536 2644 illo
561 2580 667 2644 indice
694 2580 865 2662 Delphico.
898 2581 991 2644 cuius
1016 2579 1111 2644 modo
1135 2581 1332 2644 mentionem
1360 2581 1424 2645 feci

252 2688 430 2753 secundum
465 2709 637 2766 annorum,
674 2687 794 2769 quibus
827 2709 864 2750 eo
894 2687 1016 2751 honore
1048 2686 1157 2751 affecti
1182 2692 1274 2766 sunt,
1305 2688 1424 2752 seriem

251 2802 461 2860 recensentur
483 2795 631 2876 proxeni3
665 2795 697 2856 in
723 2795 789 2857 alia
819 2795 934 2858 tabula
959 2795 1036 2858 item
1065 2793 1261 2877 Delphica⁶)
1293 2815 1352 2876 per
1375 2817 1424 2858 re-

225 2983 228 2990 .
252 2904 365 2986 gisnes
390 2908 423 2966 et
446 2902 569 2985 oppida
592 2902 746 2983 dispositi
771 2908 856 2965 sunt.

359 3007 542 3072 Proxeniae
566 3008 746 3090 participes
770 3009 962 3090 plerumque
986 3010 1009 3072 ii
1039 3009 1139 3073 fuisse
1169 3009 1340 3086 videntum
1366 3008 1424 3090 qui

253 3118 340 3182 (lomi
365 3119 564 3182 auctoritate
588 3117 786 3199 permultum
811 3116 975 3194 valebanty
1000 3123 1032 3180 et
1055 3117 1104 3181 ita
1120 3117 1299 3180 utilitatem
1315 3114 1425 3196 Mega-

253 3225 404 3289 rensibus
428 3221 545 3288 afferre
568 3229 731 3307 poteraut.
780 3223 914 3287 Honore
939 3224 997 3287 illo
1025 3223 1236 3302 fruebantur,
1268 3221 1424 3304 quamdiu

253 3331 420 3409 vivebant3
446 3333 523 3413 quin
547 3332 646 3395 etiam
663 3333 695 3393 in
709 3337 857 3412 posteros
870 3352 1102 3412 nonnunquam
1124 3331 1301 3408 transibat3
1326 3329 1424 3408 idque

253 3437 396 3503 dilucide
420 3439 453 3502 in
477 3439 584 3502 titulis
609 3438 773 3502 nonnullis
798 3437 1012 3520 significatur.

360 3547 413 3610 Ex
437 3546 499 3609 hoc
523 3546 626 3627 igitur
649 3544 771 3608 honore
796 3567 913 3626 magna
937 3545 1156 3610 emolumenta
1179 3545 1252 3627 capi
1277 3543 1424 3626 potuisse

255 3659 507 3716 consentaneum
532 3661 591 3716 est.
639 3653 684 3716 Et
708 3654 856 3735 profecto
880 3653 1013 3734 quidem
1037 3653 1121 3716 alios
1145 3652 1286 3715 honores
1310 3657 1344 3715 et
1360 3651 1423 3732 pri·

253 3759 372 3841 vilegia
396 3760 500 3823 honor
523 3760 593 3841 ipse
617 3760 815 3824 continebat.
858 3759 957 3822 ¹Inter
981 3760 1122 3822 honores
1151 3763 1228 3822 sunt
1255 3756 1424 3844 habendae

253 3865 432 3950 appellatio
446 3858 622 3951 ἐὖεργὲταα
646 3865 711 3928 fere
735 3887 900 3948 nunquam
925 3865 958 3929 in
983 3867 1089 3931 titulis
1114 3867 1244 3946 omissa,
1268 3864 1351 3944 laus,
1385 3864 1423 3929 de

364 4152 387 4217 ¹)
406 4150 570 4215 Mommsen,
591 4151 660 4204 riim.
681 4150 781 4205 Geech.
801 4149 836 4203 V.
856 4167 883 4218 p.
904 4153 962 4202 241.

362 4239 384 4310 9)
404 4239 536 4294 Lenorrn.
557 4239 611 4293 uh.
631 4237 701 4292 Mus.
726 4242 791 4293 1866
810 4257 837 4307 p.
858 4241 917 4293 332.

365 4330 387 4398 3)
405 4329 498 4400 Reng.
518 4334 577 4384 698.

364 4420 388 4488 ⁴)
407 4419 621 4490 Dittenbcrger,
642 4420 702 4487 syll.
722 4419 745 4471 Ι.
766 4417 818 4471 No.
843 4421 899 4472 198.

365 4509 388 4580 ὁ)
407 4507 481 4561 Bull.
503 4508 538 4562 de
557 4525 680 4578 corresp.
701 4504 778 4562 Hell.
799 4505 858 4560 VII
878 4507 972 4585 (18⁸3)
990 4523 1017 4576 p.
1040 4507 1097 4560 189.
