3048 4878
616 267 834 331 -33...

251 445 368 512 Scriba
391 445 419 510 is
444 451 523 524 erat,
553 445 609 527 qui
634 444 816 527 apographi
840 443 935 508 fldem
958 447 1155 525 praestaret3
1180 441 1214 508 id
1239 463 1314 507 vero

140 553 247 618 iacere
272 575 336 618 uon
360 554 479 636 potuit,
503 552 568 617 nisi
592 553 662 635 ipse
686 550 817 615 decreta
841 551 874 614 in
898 549 1009 632 lapide
1026 549 1198 614 incidenda
1221 571 1313 613 oura-

141 662 212 740 bat3
242 667 415 745 praeterea
438 661 506 724 eius
532 665 621 737 erat,
645 657 774 752 lapides
803 678 867 739 quo
890 656 963 722 loco
994 657 1136 740 populus
1155 657 1311 740 jusserat,

139 790 270 851 ponere.
321 767 466 852 Megaris
498 766 699 832 destinatum
735 770 808 830 erat
831 761 1056 848 Olympieion,
1089 762 1311 847 Aegostheuis

138 874 418 959 Melampodeion,
442 881 479 939 ut
503 873 717 958 Pausanias¹)
741 872 841 937 refert
864 872 1019 956 titulique
1043 877 1218 940 testantur.

249 980 342 1065 Quae
376 982 463 1074 ratio
499 982 532 1046 in
569 980 678 1046 scriba
712 981 825 1064 populi
853 978 1003 1063 eligendo
1031 978 1182 1044 adhibita
1213 979 1256 1043 sit
1281 985 1313 1044 et

138 1089 295 1173 quamdiu
320 1089 353 1154 in
377 1109 509 1155 munere
532 1088 642 1170 fuerit,
668 1085 843 1171 dijudicari
867 1108 932 1152 non
955 1091 1074 1168 potest.

570 1264 627 1331 De
655 1271 872 1348 quaestore.

242 1392 319 1458 Esti
343 1414 448 1475 neque
470 1413 509 1456 ex
533 1391 802 1474 inscriptionibus
830 1411 935 1472 neque
958 1412 998 1454 ex
1021 1389 1116 1454 libris
1128 1388 1308 1472 quidquam

137 1498 177 1564 de
201 1497 263 1563 hoc
286 1499 528 1582 Megarensium
552 1499 750 1581 magistratu
778 1498 913 1578 scimus,
948 1504 1056 1562 tamen
1085 1497 1137 1561 vix
1162 1496 1308 1562 dubitari

135 1613 259 1689 potest,
284 1608 363 1690 quin
388 1607 474 1670 iuter
504 1605 720 1688 magistratus
743 1605 952 1689 Megarenses
983 1605 1091 1669 locum
1115 1603 1306 1669 obtinuerit.

134 1713 221 1776 Nam
259 1713 357 1778 etiam
387 1713 597 1796 Megarenses
635 1713 799 1778 aerarium
834 1711 1002 1792 habuisse,
1042 1732 1106 1795 quo
1142 1713 1307 1793 impensas

133 1820 230 1884 bellis
261 1820 425 1902 gerendis,
463 1817 628 1884 aedificiis
654 1819 795 1901 publicis
828 1819 1056 1898 aedificandis,
1092 1819 1166 1882 aliis
1197 1816 1305 1897 rebus,

132 1933 355 2010 praestarent,
392 1927 553 2010 suspicari
586 1927 671 1992 licet.
732 1924 815 2009 Quis
850 1927 953 2011 igitur
988 1928 1116 1992 aerario
1152 1924 1304 2009 praefuit,

131 2035 205 2118 quis
236 2035 382 2100 rationes
411 2034 634 2116 sumptuarias
663 2033 822 2114 reddidit,
855 2035 917 2098 nisi
946 2040 1102 2116 quaestor
1132 2034 1184 2097 vel
1209 2031 1306 2096 colle·

131 2142 239 2225 gium,
265 2141 318 2206 cui
343 2147 414 2206 erat
438 2139 642 2221 mandatum,
668 2147 705 2204 ut
728 2141 855 2206 tributa
880 2141 1117 2225 vectigaliaque
1141 2139 1306 2222 redigeret

134 2248 363 2332 impensasque
387 2244 530 2312 faceret?
576 2246 697 2330 Itaque
721 2248 808 2312 hand
833 2249 944 2331 inepta
959 2248 1039 2312 mihi
1055 2247 1223 2312 videretur
1246 2246 1305 2311 illa

133 2355 332 2438 conjectura,
358 2377 423 2438 qua
446 2353 633 2419 Foucartus
658 2355 810 2420 lacunam
834 2356 868 2418 in
892 2352 1137 2439 inscriptione²l
1162 2353 1305 2436 quadam

131 2461 277 2545 suppleri
301 2463 386 2540 vult;
420 2459 502 2526 δότω
527 2454 543 2524 ὁ
566 2467 684 2544 ταμίας
707 2466 763 2550 τῆς
786 2460 925 2541 πόλεως,
955 2463 1016 2528 uisi
1041 2463 1127 2527 alius
1155 2459 1304 2546 titulusss)

130 2569 305 2652 praeberet
329 2569 432 2651 δᾶμος
455 2561 472 2631 ὁ
495 2574 665 2654 Μεγαρέων
688 2577 786 2653 atque
809 2569 1018 2652 Rangabeeis
1045 2569 1238 2652 conjecisset
1268 2565 1305 2632 τὸ

133 2675 165 2740 δὲ
194 2667 349 2758 ἇοάλιομα
374 2674 472 2756 diram
498 2699 582 2760 quae
607 2677 705 2742 verba
729 2676 811 2742 ‹loru›
835 2670 852 2740 t
876 2678 977 2758 δᾶμος
1000 2669 1017 2740 d
1042 2681 1213 2762 Μεγαρέων
1235 2676 1305 2740 illic

132 2771 261 2864 quoque
285 2783 490 2848 restituenda
503 2782 630 2868 judieo;
655 2805 854 2868 quamquam
871 2785 1050 2866 impensam
1066 2806 1131 2848 non
1147 2763 1303 2866 populum

132 2887 248 2970 ipsum,
274 2889 331 2954 sed
350 2889 445 2972 jussu
468 2891 537 2954 eius
560 2895 678 2972 ταμίαν
700 2895 756 2978 τῆς
779 2890 904 2968 πόλεως
927 2891 1061 2956 solvisse
1087 2891 1159 2955 luce
1182 2890 1304 2956 clarius

130 3000 278 3078 apparet.

493 3174 550 3238 De
573 3175 936 3259 nomophylacibus

237 3297 278 3362 In
310 3299 409 3364 titulo
440 3297 662 3365 Chalcedonio
698 3321 800 3384 supra
822 3301 891 3386 jam
923 3300 1039 3380 allato,
1072 3302 1302 3385 nomopylaces

129 3425 202 3469 cum
227 3404 304 3470 aliis
326 3407 577 3487 magistratibus
594 3408 790 3491 praescripti
814 3415 899 3474 sunt.
946 3409 1066 3491 Itaque
1084 3409 1303 3491 probabiliter

128 3511 288 3596 conjicere
311 3533 494 3595 possumus,
518 3515 586 3598 jam
611 3536 684 3578 cum
703 3515 913 3597 Megarenses
937 3516 1082 3580 colonias
1105 3517 1140 3580 in
1156 3515 1301 3582 Pontum

129 3615 294 3683 Euxinum
318 3618 526 3698 deducerent,
551 3622 802 3705 nomophylaces
827 3623 861 3685 iu
884 3623 995 3706 petria
1018 3623 1209 3688 muneribus
1234 3625 1301 3690 suis

128 3722 257 3790 functos
281 3746 359 3790 esse.
388 3723 597 3792 Chalcedone
622 3735 689 3792 tres
713 3728 858 3799 fuerunt,
881 3727 1124 3812 Megarensium
1147 3751 1301 3795 numerus

127 3829 272 3896 incertus
296 3837 355 3897 est.
402 3831 497 3916 Quod
523 3835 622 3899 fuerit
645 3857 762 3900 munus
787 3859 914 3916 eorum,
945 3837 1118 3904 nescimus.
1166 3835 1299 3920 Sparta-

125 3959 243 4004 norum
265 3939 517 4022 nomophylaces
540 3943 716 4025 praecipue
740 3943 908 4008 tabulario
933 3944 1092 4028 praefecti
1117 3951 1225 4022 erant,
1259 3943 1299 4008 do

127 4061 202 4126 aliis
225 4060 306 4127 bene
330 4061 427 4127 docet
442 4061 662 4152 Xenophon⁴)
687 4066 720 4129 in
745 4066 840 4147 libro,
865 4068 921 4148 qui
938 4074 1074 4133 vocatur
1092 4066 1298 4150 οἰκονομικός.

235 4252 659 4323 ahaamaama

234 4341 258 4412 ⁹)
279 4345 380 4413 explic.
401 4345 450 4400 des
469 4346 552 4401 inscr.
573 4345 626 4402 Nc·
647 4352 670 4400 i.

235 4430 257 4500 ³)
276 4430 368 4502 Rang.
390 4437 449 4490 695.

232 4519 256 4591 ⁴)
275 4518 407 4594 Xenoph.
428 4539 525 4577 oecon.
545 4543 605 4596 cap.
626 4523 676 4578 IX.
694 4530 733 4581 ll.
753 4527 811 4582 (lic.
831 4528 866 4583 de
885 4529 960 4602 legg.
980 4529 1036 4586 ΠΙ.
1056 4535 1099 4588 20.
