3048 4878
605 311 806 370 „7-

132 489 180 546 13.
207 485 361 568 Rnrrpndd,
386 485 545 569 antiquitis
571 483 773 568 Helleniqaes.

133 597 184 652 14.
210 592 401 656 Mimanta
426 593 574 665 Muscam,
603 598 697 658 1⁸57.
726 598 820 654 1866.

134 703 182 760 15.
218 697 346 772 Visetur,
372 700 516 782 Beitrdpe
540 722 595 760 aas
624 696 852 762 Gmeclanland.

139 810 189 868 16.
225 803 363 880 Welclrer,
388 805 497 868 Kleine
521 803 672 886 Salarium
695 785 763 868 ill.

228 911 416 993 Antequam
445 910 681 993 disputationis
711 909 839 975 initium
876 912 996 976 faciam·
1027 935 1079 976 res
1115 913 1189 994 ipsa
1221 912 1297 976 hor.

123 1018 188 1082 tari
214 1017 353 1096 videtur,
379 1024 415 1081 ut
439 1017 478 1081 de
502 1017 633 1100 oppidis
655 1017 838 1100 Megaridis
880 1057 909 1066 -
945 1041 1142 1101 quamquam
1168 1019 1298 1084 levioris

121 1124 276 1186 momenti
301 1145 400 1206 quam
424 1131 514 1188 terra
538 1124 671 1188 fuerunt
695 1163 737 1172 -
762 1126 1026 1208 rationibusque,
1052 1149 1135 1209 quae
1159 1127 1199 1190 iis
1224 1148 1297 1192 oum

119 1229 266 1311 Megaris
302 1230 410 1312 capite
448 1231 705 1296 intercesserint.
745 1251 851 1313 pauca
890 1231 1012 1312 dicam,
1054 1232 1171 1297 deinde
1211 1255 1296 1316 quae

120 1337 283 1417 gesserint
306 1335 524 1419 Megarenses
543 1338 684 1402 breviter
708 1359 867 1402 enarrem.

310 1499 359 1564 lie
383 1500 521 1582 oppidis
546 1517 635 1581 quae
659 1499 696 1564 iu
721 1499 899 1580 Megaride
923 1501 993 1566 sita
1016 1502 1110 1566 sunt.

229 1622 366 1704 Megara
391 1629 491 1705 caput
511 1624 580 1706 jam
605 1623 845 1705 antiquissimis
871 1625 1073 1708 temporibus
1098 1647 1172 1689 aree
1196 1623 1296 1690 Caria

119 1725 294 1792 aedificata
317 1729 498 1809 conditum,
532 1729 646 1794 deinde
676 1730 717 1794 ab
742 1727 910 1794 A'lcatboo
945 1731 1193 1815 amplificatum,
1226 1738 1296 1798 tum

121 1835 254 1900 tertiam
278 1843 416 1918 partem.
443 1837 556 1900 urbem
572 1835 700 1902 Dorum
725 1837 873 1901 additam
895 1860 966 1902 esse
983 1837 1143 1922 Scymnus
1160 1837 1295 1924 Chius¹)

120 1918 242 2006 narrat.
290 1940 409 2026 Caput,
435 1950 472 2007 ut
496 1943 585 2008 haud
609 1944 705 2026 longe
729 1945 877 2009 distabat
901 1967 920 2010 a
944 1947 1027 2010 mari
1043 1946 1190 2029 Aegaeo,
1216 1945 1295 2010 dno-

120 2047 180 2110 bus
206 2049 357 2130 portibus
375 2050 462 2133 apud
478 2049 638 2114 Nisaeam
655 2056 686 2113 et
703 2051 849 2115 Minoam
866 2054 1061 2116 constructis
1078 2059 1296 2118 mercaturam

124 2153 268 2228 faciebat
291 2178 442 2238 magnam
467 2163 500 2220 et
524 2157 700 2239 copiosam.

1 2334 2 2342 ἵ
227 2259 337 2343 Prope
366 2262 409 2325 ad
437 2284 528 2326 oram
559 2263 659 2327 maris
690 2264 867 2348 Halcyonii
900 2265 964 2332 duo
994 2266 1113 2348 oppida
1146 2268 1295 2349 portibus

121 2365 247 2430 nobilia
272 2368 336 2432 sita
360 2375 464 2448 erant,
491 2367 705 2452 Aegosthena
739 2371 771 2434 in
796 2373 1034 2454 septentriones
1063 2379 1094 2436 et
1118 2372 1232 2456 Pagae
1263 2376 1296 2439 in
1356 2431 1358 2434 .

1 2493 2 2504 ¹
122 2473 292 2539 meridiem
310 2481 512 2558 spectantcs3
529 2483 701 2558 praeterea
718 2475 932 2574 Tripodiscus
949 2479 1115 2563 oppidum,
1134 2501 1193 2563 per
1209 2481 1296 2562 quod

1 2569 23 2624 ὗ
123 2581 175 2644 via
200 2603 239 2646 ex
263 2582 343 2646 urbe
358 2581 567 2664 Megarorum
582 2581 732 2666 Delphos
757 2584 908 2664 ducebat,
934 2591 966 2650 et
983 2584 1078 2650 Rhus
1095 2594 1128 2650 et
1144 2586 1295 2652 Phibalis

120 2688 354 2771 Phalyconque
392 2689 466 2754 loca
505 2688 575 2752 ficis
615 2690 819 2755 abundantia
857 2699 1039 2757 memoratu
1074 2692 1175 2775 digna
1210 2701 1294 2761 sunt.

120 2791 236 2870 Oenoe,
264 2793 438 2876 Peiraeon,
463 2793 626 2878 Cromyon
656 2796 734 2860 olim
758 2797 1001 2880 Megarensium
1032 2783 1102 2863 tum
1126 2798 1292 2865 Corinthi-

121 2922 214 2964 orum
237 2900 379 2967 fuerunt.

226 3007 279 3071 Ex
318 3008 369 3071 his
407 3009 509 3091 igitur
548 3011 677 3093 oppidis
717 3011 868 3094 Megara,
905 3012 1133 3094 Aegosthena,
1171 3014 1294 3097 Pagae,

121 3107 241 3200 quippe
266 3136 349 3196 quae
373 3118 566 3180 mercaturis
591 3117 755 3182 interdurn
779 3117 948 3183 floruerint
973 3126 1005 3183 et
1021 3119 1109 3202 quod
1134 3143 1293 3188 summum

119 3227 177 3300 est,
203 3221 311 3286 titulis
336 3223 458 3287 ibidem
481 3226 623 3306 repertis
648 3224 774 3289 aditum
795 3225 836 3289 ad
853 3226 1054 3308 reipublicae
1078 3228 1294 3309 cognitionem

119 3328 182 3390 etsi
206 3329 400 3392 mediocrem
425 3329 636 3411 patefaciant,
668 3332 768 3413 digna
792 3332 951 3412 videntur,
981 3355 1120 3415 quorum
1148 3335 1294 3400 rationes

117 3436 362 3516 perquirantur.

225 3543 441 3625 Aegosthena
477 3543 648 3626 vicinaque
683 3543 762 3609 fines
800 3546 919 3609 veteris
955 3547 1061 3610 tribus
1095 3547 1292 3630 Megaricae,

119 3670 201 3729 quae
230 3651 409 3715 vocabatur
432 3661 651 3738 Κυνοσουρεῖς,
681 3652 851 3734 complexa
880 3673 964 3727 esse,
997 3661 1072 3718 sunt
1101 3657 1157 3736 qui
1188 3657 1292 3739 suspi-

119 3762 247 3836 centur3
272 3764 387 3839 postea
411 3780 550 3840 quoqne,
576 3759 626 3822 vel
651 3759 748 3824 etiarn
772 3759 864 3822 exitu
888 3760 1000 3841 quarti
1024 3761 1143 3825 saeculi
1165 3785 1194 3826 a.
1212 3761 1290 3828 Chr.

117 3862 334 3946 Aegosthena
358 3887 461 3948 pagus
482 3865 693 3948 Megarorum
716 3865 794 3940 fuit,
820 3865 853 3928 id
878 3866 965 3947 quod
982 3865 1024 3930 D.
1041 3867 1223 3934 Korolkow
1246 3870 1292 3934 in·
1321 3888 1324 3895 ·

118 3970 294 4052 scriptione
330 3969 533 4056 Megarica²)
576 3971 822 4036 demonstravit.
880 3969 967 4036 Nam
1000 3974 1033 4037 in
1061 3974 1119 4039 illo
1151 3975 1290 4058 decreto,

117 4098 182 4158 quo
216 4075 465 4160 Aegosthenitis
500 4079 757 4161 proponentibus
794 4079 1004 4166 Megarenses
1039 4081 1146 4162 Zoilo,
1182 4084 1239 4149 uni
1275 4106 1292 4148 e

116 4183 292 4266 praefectis
321 4183 485 4250 Demetrii
514 4182 736 4265 Poliorcetae,
770 4186 929 4250 maximos
960 4187 1100 4252 honores
1131 4189 1292 4270 tribuunt,

117 4291 255 4374 Megara
277 4284 407 4378 ἡπόλις
430 4292 627 4372 nominatur,
654 4293 766 4374 itaque
782 4291 1006 4375 Aegosthenis
1031 4315 1073 4358 sc.
1092 4317 1176 4379 pago
1194 4319 1292 4381 oppo-

210 4409 330 4416 ᾳ...-

185 4411 197 4415 -
228 4451 248 4519 ¹)
268 4449 380 4517 Scymn.
401 4451 496 4504 Chius.
516 4469 542 4504 v.
563 4456 623 4506 501.
644 4452 687 4505 ed.
708 4451 863 4506 Fabricius.

225 4539 248 4610 ²)
268 4537 472 4610 Mitteiiungen
492 4541 540 4595 des
560 4539 586 4594 d.
607 4542 682 4596 arch.
703 4540 775 4597 Inst.
796 4540 878 4604 VIII,
901 4545 959 4597 183.
978 4560 1005 4611 p.

1096 4647 1132 4702 1*
