3048 4878
592 269 817 332 ...15-

117 445 217 510 habet
240 469 390 530 magnam
417 447 740 527 commendationem,
774 418 861 528 qdod
885 445 1094 529 Megarenses
1126 469 1165 512 ex
1198 467 1287 510 sena·

117 553 244 618 toribus
269 555 355 618 viros
380 554 502 636 eligere
526 560 777 619 consueverunt.
807 573 945 635 quorum
972 551 1095 636 judicio
1125 575 1288 636 unaquae-

118 683 181 741 que
205 683 258 724 res
275 662 544 740 committeretur,
570 667 741 742 antequam
758 666 891 724 serratus
908 657 1079 725 universus
1097 659 1287 742 suffragium

55 801 57 806 ·
119 769 230 833 terret.
277 767 325 830 Hi
349 767 511 832 vocabant
497 773 552 832 tur
575 766 778 849 αἰσυμυᾶυαι.

226 872 442 957 Temporibus
466 873 607 938 foederis
633 873 770 938 Achaioi
795 873 887 938 aliud
915 895 1035 956 corpus
1063 897 1103 939 ex
1132 875 1288 939 senatori·

119 981 180 1046 bus
199 987 231 1045 et
247 980 500 1064 magistratibus
522 981 661 1045 electum
678 981 808 1046 nomine
825 981 1009 1068 δημιουργοί
1024 981 1119 1046 nobis
1136 979 1289 1046 occurrit.

225 1087 437 1171 Aesymnetis
460 1093 494 1150 et
517 1087 697 1170 demiurgis
721 1106 795 1152 cum
818 1087 897 1150 talis
920 1087 1126 1178 necessitudo
1150 1109 1224 1152 cum
1241 1109 1289 1152 se·

119 1201 194 1258 ratu
219 1193 327 1273 fuerit,
353 1192 394 1257 de
418 1193 555 1276 singulis
579 1215 665 1258 nunc
688 1193 789 1258 verba
813 1193 922 1258 facere
944 1194 1053 1260 liceat.

534 1333 593 1400 De
616 1337 866 1419 aesymnetis.

226 1460 266 1524 In
291 1460 503 1542 inscriptione
527 1460 670 1542 quadam
693 1459 840 1543 Megaris
863 1459 1029 1540 inventa¹)
1053 1460 1291 1543 praescriptum
1362 1462 1365 1468 ’

119 1575 185 1632 est:
216 1572 294 1632 aori
321 1591 356 1632 τε
379 1565 454 1645 τοὺς
477 1565 669 1649 αἰοιμυᾶτας
691 1565 749 1632 τὰν
770 1565 886 1650 βουλᾶν
909 1568 962 1632 καὶ
985 1565 1039 1632 τὸν
1062 1569 1173 1649 δᾶμον.
1203 1566 1290 1648 quod

119 1677 240 1740 attinet
271 1674 311 1739 ad
345 1675 545 1757 scripturam
578 1673 658 1740 alibi
695 1671 828 1757 quidem
867 1678 885 1738 ὗ
912 1674 1026 1738 littera
1055 1680 1132 1738 erat
1155 1674 1289 1753 usitata,

120 1783 176 1846 sed
200 1787 237 1846 ut
259 1780 536 1863 Dittenbergerus
560 1781 698 1846 adnotat
710 1779 736 1867 2)
757 1779 1291 1864 Megarensiumcoloniarumque

119 1889 254 1972 propria
279 1888 380 1952 fuisse
404 1887 535 1952 videtur
559 1887 657 1952 huius
682 1888 769 1952 vocis
794 1887 959 1970 scriptura
982 1909 1039 1970 per
1063 1912 1085 1952 ι.

226 1993 374 2077 Quorum
405 1995 667 2075 aesimnetarum,
692 1995 790 2076 quale
818 1995 936 2059 fuisset
963 1993 1116 2075 officium,
1146 2003 1183 2062 ut
1214 2019 1290 2061 enu-

120 2103 274 2182 clearent,
299 2103 361 2166 viri
386 2101 571 2165 doctissimi
589 2123 723 2183 operam
739 2101 910 2166 dederunt.
958 2102 1071 2184 Atque
1088 2109 1125 2167 ut
1141 2104 1292 2189 omittam

120 2209 279 2291 quidquid
304 2209 344 2272 de
369 2209 456 2271 vocis
480 2207 719 2288 significatione
743 2208 839 2272 etde
863 2210 990 2292 origine
1014 2217 1204 2293 congestum
1232 2216 1291 2289 est,

121 2316 275 2380 accedam
299 2315 342 2378 ad
366 2315 562 2379 aesimnetas
585 2314 836 2398 Megarensium.

228 2420 450 2506 Pausaniasss)
475 2421 573 2486 verba
596 2421 676 2487 facit
699 2423 739 2486 de
761 2423 854 2487 curia
878 2425 1015 2506 antiqua
1045 2424 1077 2488 in
1114 2423 1195 2488 urbe
1223 2421 1291 2488 Me-

124 2530 215 2612 garis
240 2529 313 2608 sita,
340 2529 393 2592 cui
417 2549 531 2593 nomen
556 2527 619 2592 fuit
639 2528 677 2592 τὸ
697 2527 882 2612 Αἰσύμνιον.
930 2529 1161 2616 Welckerus⁴)
1187 2531 1295 2614 rejicit

122 2637 270 2701 fabulam
293 2636 486 2718 illamqua
511 2657 628 2702 nomen
658 2636 770 2702 curiae
803 2637 845 2702 ab
870 2635 1037 2720 Aesymno
1066 2638 1207 2722 quodam
1238 2638 1292 2702 de·

123 2743 255 2807 ductum
279 2765 351 2807 esse
374 2750 545 2822 narratum
571 2744 669 2808 immo
693 2744 816 2808 rectius
841 2744 1010 2808 derivatur
1034 2745 1075 2809 ab
1104 2743 1294 2826 αἷσιμυὼσιν

52 2923 59 2935 q
122 2849 143 2912 i.
169 2871 196 2912 e.
222 2849 470 2932 imperantibus.
517 2849 728 2914 Aesimnetas
748 2850 998 2934 Megarensibus
1018 2852 1086 2935 jam
1103 2853 1293 2934 antiquissi-

122 2956 185 3020 mis
209 2952 412 3038 temporibus
435 2957 525 3021 haud
549 2959 677 3040 ignotos
699 2957 810 3037 fuisse,
836 2963 937 3040 atque
952 2958 1037 3024 hane
1052 2959 1293 3024 institutionem

122 3061 375 3143 Olraloedcnem,
400 3065 434 3128 in
458 3064 573 3128 urbem
597 3087 617 3128 a
633 3065 882 3155 Megarensibus
906 3066 1072 3130 conditam
1097 3066 1293 3130 translatam

123 3192 204 3248 esse,
230 3171 405 3236 verisimile
429 3177 488 3237 est.
537 3171 657 3255 Itaque
681 3172 853 3256 inscriptio
862 3172 889 3258 ⁶)
914 3173 948 3238 in
972 3172 1031 3237 illa
1054 3173 1136 3237 urbe
1162 3179 1294 3256 reperta

121 3301 186 3341 non
210 3277 315 3340 solum
340 3277 380 3340 de
403 3278 601 3360 aesymnetis
625 3276 871 3358 Chalcedoniis,
902 3279 959 3344 sed
988 3281 1088 3344 etiam
1120 3281 1159 3344 de
1182 3280 1292 3362 Mega·

122 3385 199 3449 ricis
223 3383 328 3448 lucem
353 3382 471 3448 afferre
495 3391 615 3467 potest.
663 3383 756 3468 Quae
780 3387 950 3468 inscriptio
974 3407 1048 3450 cum
1072 3393 1105 3451 et
1128 3387 1189 3450 hoc
1220 3387 1293 3451 loco

123 3491 293 3573 permagni
321 3493 475 3556 momenti
507 3493 551 3556 sit
582 3499 614 3556 et
641 3493 682 3556 ad
712 3492 796 3567 alios
824 3493 1038 3575 magistratus
1068 3493 1291 3572 illustrandos,

122 3597 223 3662 liceat
246 3598 327 3662 mihi
350 3620 437 3663 nunc
461 3598 631 3664 exhibere:
726 3599 727 3604 ’

336 3703 493 3783 Βασιλεὺς
516 3710 717 3790 Προμοθίωυ
743 3703 897 3770 &redduco

335 3805 543 3899 Ἱερομυάμιου
558 3805 716 3897 Ἕρμαιος
737 3803 897 3898 Ἑρμαίου,

338 3918 511 4007 Πρυφῆτας
524 3912 702 3984 Ἀθαναίων
716 3911 1011 4005 Άπολλοφάυᾷιος)
1097 3938 1100 3942 ’

162 4023 572 4142 ὲΝομοφύλοκες
588 4019 715 4090 Ἵππιον
740 4029 920 4104 Διονυσίου,

129 4135 141 4139 ·
234 4167 254 4234 ¹)
273 4165 403 4220 Vischer.
422 4167 510 4220 Beitr
531 4186 557 4235 p.
578 4171 619 4220 aa

233 4255 243 4285 ²
275 4255 432 4324 SyllogeI.
453 4261 513 4309 218.

232 4257 256 4412 si
274 4343 357 4398 raus.
377 4345 399 4398 Ι.
420 4348 463 4408 ar,
483 4350 506 4399 :a

231 4432 255 4501 ⁴)
275 4431 409 4486 Welcker
428 4434 557 4503 prolegg.
578 4434 614 4486 ad
634 4433 760 4502 'Iheogm
780 4453 807 4503 p.
828 4432 938 4486 XVIII

233 4521 305 4590 ¹'’)C.
326 4519 354 4577 J.
375 4520 423 4575 Gr.
443 4521 545 4581 HNo.
565 4526 642 4578 3794.
